3050 4859
114 171 176 235 108
440 190 552 258 Syrrud.
574 194 702 247 dioeces.
721 192 877 259 It¹eupolit
897 209 926 247 α.
945 192 1027 245 1882.
1126 226 1130 231 .

112 361 242 444 aliisqm
265 362 298 427 iu
321 362 529 440 Mouasteriis,
554 361 823 442 Conservatoriis,
840 360 1004 447 collegiis,
1029 363 1239 447 Domibusque
1260 364 1357 443 Obla-

112 468 214 531 tarum
239 465 433 549 (legentibus,
454 469 578 534 rutrum
592 467 702 548 offarii,
728 466 792 533 sire
812 470 894 545 anta
917 467 981 533 sire
997 468 1068 549 post
1083 471 1230 551 suscepta
1243 468 1356 548 otboia,

113 570 145 633 iu
166 570 421 652 quibuseumqne.
435 571 654 648 tunetionibus,
677 574 734 634 aut
753 569 996 647 festivitatibus3
1021 572 1111 655 cujus
1130 572 1357 657 absolutionem

112 674 269 757 praerupit
290 676 397 741 etiam·
409 673 555 742 Smurous
572 674 723 749 ‚Poutilex
744 668 811 739 esse
828 675 928 742 Nebis
942 677 1153 759 turdanunodo
1168 678 1356 749 reservatam

113 776 173 862 (lla
196 778 345 862 descript.
377 778 414 842 de
443 779 568 861 speciali
599 778 745 842 mandato
780 777 948 843 Clementis
971 779 1027 845 Xl.
1059 799 1113 862 per
1136 780 1271 863 Litteras
1293 780 1357 849 ua

113 882 245 966 eyelieas
268 882 299 951 S.
323 881 475 966 congreg.
499 883 639 965 Qmeup.
662 884 694 947 et
719 882 866 966 Regular.
890 884 947 947 sub
968 884 1020 950 die
1034 885 1093 951 ¹28.
1116 882 1197 950 Julii
1221 884 1328 966 1708).

115 1055 192 1136 Cup.
209 1061 239 1120 9.
267 1052 317 1119 De
341 1052 598 1135 Caesareo-teriia
624 1044 778 1139 Collepiis
802 1062 830 1121 ei
851 1058 955 1121 saeris
970 1054 1356 1146 Reoessibuspmellarum

114 1165 143 1223 et
165 1159 348 1238 mulierum,
376 1182 432 1225 oreo
453 1181 515 1224 aare
537 1160 576 1225 de
598 1161 780 1249 puellaribus
806 1157 974 1229 Tertiuriis
996 1160 1030 1224 iu
1047 1160 1193 1243 propriis
1215 1150 1356 1253 dontibus

643 1264 830 1348 deperditus.
880 1262 882 1267 ’

212 1402 381 1487 ,Perpiures
404 1403 566 1486 religiosae
590 1403 726 1485 Domus,
753 1422 834 1486 quae
856 1402 1106 1483 conservatoria,
1130 1422 1184 1467 seu
1207 1402 1357 1492 collegia,

116 1507 163 1570 rel
184 1507 263 1571 sauri
289 1508 435 1571 Recessere
457 1510 683 1590 nuncupantur,
708 1510 740 1571 et
764 1509 794 1571 in
818 1508 929 1590 quibus
951 1506 1128 1571 fortunatae
1152 1508 1288 1591 puellae,
1321 1526 1357 1571 ae

116 1610 261 1682 mulieres
282 1612 340 1680 sub
364 1614 451 1680 serta
472 1612 597 1695 Regula
618 1612 767 1691 babitare
781 1612 913 1695 eligunt,
937 1612 973 1677 ut
995 1613 1119 1695 prepter
1138 1630 1271 1677 amoram
1294 1611 1357 1674 Do-

116 1715 192 1779 mini
216 1717 313 1781 nostri
335 1716 411 1793 lesu
435 1716 550 1782 Christi
571 1718 674 1782 easms
697 1718 729 1788 et
750 1716 970 1785 immaculatas
992 1735 1025 1781 se
1048 1715 1226 1784 custodiant
1241 1716 1279 1781 ab
1301 1715 1357 1781 boe

115 1820 254 1899 saeoulo,
276 1821 474 1903 pastoralem·
486 1821 634 1899 Nostram
658 1840 765 1899 euram
789 1819 970 1905 sollicitant.
1016 1820 1101 1902 Quae
1123 1818 1247 1903 quidem
1271 1818 1356 1902 solli·

117 1923 221 1987 eitudo
244 1943 280 1988 eo
305 1926 406 2008 magis
427 1926 576 2008 augetur,
601 1924 684 2007 quod
699 1925 845 2007 ⁴potestas
865 1924 985 1992 laiealis
1008 1924 1064 1989 sub
1087 1924 1186 2007 speeie
1210 1924 1269 1987 bas
1290 1922 1357 2005 pias

116 2027 222 2093 domes
244 2028 284 2093 ad
304 2028 493 2114 primaevam
517 2029 745 2096 iustitutionem
768 2029 964 2105 renouandi‚.
980 2026 1281 2101 administrationem
1304 2026 1358 2105 bo·

116 2150 225 2196 norum
246 2133 479 2215 temporalium,
507 2153 585 2216 quae
604 2134 647 2209 ad
669 2134 753 2216 ipsas
777 2133 968 2217 pertinebat,
999 2132 1181 2197 austeritati
1212 2130 1357 2197 eeclesia·

117 2236 214 2302 stieae
236 2238 344 2304 eontra
364 2238 477 2321 bouum
492 2240 534 2309 et
556 2257 689 2321 aequum
711 2237 917 2319 subtraxerim
941 2256 1038 2323 neque
1061 2236 1144 2318 huis,
1169 2235 1228 2299 nisi
1244 2252 1357 2319 ‘euram

118 2359 218 2406 rerum
241 2341 465 2423 spiritualium,
485 2344 519 2407 et
537 2332 717 2425 saepissime
739 2342 856 2425 perlitis
874 2342 1020 2419 vinetum,
1042 2341 1131 2425 quasi
1154 2340 1273 2425 aliquid
1293 2338 1356 2422 lar-

117 2444 246 2527 giretur,
270 2445 439 2530 reliquerit.
1239 2492 1242 2499 ‚

113 2592 119 2601 =
221 2550 307 2619 Haec
329 2551 411 2616 enim
434 2551 488 2627 Pia
508 2551 597 2629 Losa,
614 2553 658 2615 ut
672 2562 709 2621 ex.
726 2550 861 2617 indubiis
877 2548 1068 2628 decernentis
1085 2550 1218 2627 constat,
1242 2546 1358 2633 partim

118 2654 283 2720 aNostris
305 2655 612 2734 Praedeeessoribus,
644 2655 758 2738 partim
790 2674 809 2719 a
838 2654 1041 2720 strictissimis
1072 2652 1147 2719 uiris
1178 2672 1215 2717 eu
1243 2652 1358 2733 Nostro

118 2755 207 2822 Olero
241 2758 387 2826 instituta
420 2762 510 2835 suut,
540 2759 654 2842 partim
687 2759 811 2823 demum
841 2758 940 2842 apiis
966 2758 1126 2845 boicarum
1150 2755 1358 2844 dubietatibus

118 2860 249 2925 fundata
279 2862 422 2944 regimini
445 2862 677 2945 Arebiepisoopi
709 2883 761 2945 pro
793 2865 929 2945 tempore
962 2862 1121 2928 existentis
1153 2860 1184 2951 in
1216 2859 1359 2935 omuibus

118 2966 282 3031 commissa
303 2967 438 3033 luerunt.
484 2966 568 3042 llinis
589 2968 672 3033 enim
689 2967 733 3035 ob
755 2986 845 3053 quem
871 2967 943 3035 illae
963 2966 1081 3037 Dornus
1101 2964 1249 3032 fundatae
1272 2966 1354 3041 sunt,

118 3090 177 3134 nou
199 3071 259 3135 brit
277 3073 420 3148 tantum,
443 3074 481 3138 ut
501 3091 578 3154 opus
597 3071 722 3155 aliquod
744 3071 909 3139 eharitatis
932 3072 1140 3155 exornaretur,
1161 3070 1210 3134 rel
1231 3070 1265 3132 ut
1288 3088 1358 3151 aar*

119 3175 183 3239 lum
200 3176 380 3257 aperiretur,
402 3196 463 3259 quo
478 3177 600 3259 puellae
615 3176 794 3259 parentibus
811 3176 948 3255 orbatae,
970 3175 1020 3243 rel
1039 3174 1174 3261 uirgines
1197 3173 1358 3257 honestate

116 3278 337 3361 periclitantes,
362 3281 410 3344 vel
434 3280 738 3348 melioramentum
760 3280 942 3363 profligatae
965 3279 1184 3363 confugerent3
1216 3276 1270 3361 sed
1297 3276 1311 3339 f
1332 3274 1358 3339 't

5 3384 9 3392 “
117 3382 240 3452 ouruiuo
264 3384 437 3467 religiosus,
471 3386 508 3448 ut
536 3403 646 3469 nempe
675 3404 727 3467 per
748 3384 1022 3457 sacramentorum
1041 3384 1231 3467 trequentem
1255 3399 1357 3457 usum,

117 3505 170 3569 per
191 3488 402 3570 quotidianum
427 3506 588 3571 commuue
611 3489 718 3565 orandi
740 3488 897 3566 studium,
928 3508 981 3571 per
1007 3487 1186 3554 exercitium
1210 3486 1358 3551 bouurum

117 3612 254 3674 operum,
277 3612 331 3676 per
348 3592 596 3673 'obseruationem
617 3594 811 3679 propriarum
836 3593 1025 3676 Regularum
1041 3593 1101 3656 iter
1117 3590 1306 3666 sanctitatis
1327 3589 1373 3651 et*

117 3696 312 3778 perfeetionis
333 3697 529 3770 christianae,
543 3697 643 3761 tutius
665 3699 930 3780 persequerentur.
976 3696 1231 3771 Praedeoassores
1252 3696 1357 3761 autern

117 3800 224 3865 Nostri
256 3820 322 3864 non.
336 3801 435 3883 solum
457 3820 579 3876 summa
601 3800 751 3884 religione
773 3802 805 3869 in
828 3800 859 3865 id
883 3801 1104 3885 incubuerunt,
1132 3801 1170 3865 ut
1199 3797 1358 3883 praedieta

118 3905 199 3972 loca
219 3904 311 3970 finem
334 3906 595 3971 abundatoribus
612 3904 834 3989 praestitutum
851 3909 1102 3989 assequerentur3
1125 3922 1230 3970 verum
1250 3904 1356 3978 etiam,

117 4008 210 4093 (quod
233 4011 371 4093 spectare
392 4010 485 4075 debet
506 4010 639 4094 quilibet
651 4010 769 4092 sollers,
786 4010 972 4093 Moderatum
996 4010 1045 4075 rel
1063 4008 1257 4093 administer)
1273 4026 1358 4073 surn-

118 4133 241 4198 mopere
263 4115 466 4195 desudarunt,
498 4118 536 4181 ut
564 4114 740 4182 eorumdem
770 4115 976 4182 conditionem
1003 4113 1159 4179 meliorem
1182 4111 1356 4193 redderent.

118 4219 217 4285 Immo
240 4238 310 4287 rere
333 4223 498 4304 antequem
524 4220 608 4288 balei
632 4219 664 4283 in
692 4219 869 4303 hujusmodi
898 4218 1049 4289 Locorum
1080 4218 1174 4283 rebus
1202 4234 1268 4297 sese
1285 4214 1358 4281 'iru-

117 4324 291 4401 missorem,
315 4325 363 4392 rel
384 4325 485 4408 ipsam
507 4323 708 4407 temporalem
732 4324 903 4391 utilitatem
930 4341 1049 4391 summe
1073 4322 1177 4389 studio
1199 4339 1357 4404 promoue-

116 4428 201 4507 ruut,
221 4429 312 4512 etqui
334 4448 370 4493 err
388 4430 498 4513 parvis¹
512 4428 670 4513 reditibus,
694 4428 806 4513 quibus
828 4429 969 4519 incoepta
992 4428 1073 4503 sunt,
1099 4446 1136 4493 er
1150 4424 1357 4503 oblationibus

1 4554 12 4560 ¹·
117 4531 399 4615 piarnmfidelium,
418 4553 454 4600 ex
468 4532 592 4617 dotibus
608 4533 744 4615 ipsarum
766 4532 947 4601 Oblatarum
964 4531 1117 4615 sapienter
1134 4516 1358 4611 administratis
1403 4539 1409 4547 ’
