3050 4859
303 176 480 244 ,254
944 196 1170 267 Synod.
1211 200 1403 253 dioec.
1440 200 1779 254 Neo-Ebor.
1820 200 1927 253 IV.
1972 217 2025 255 a.
2065 202 2231 256 1382.

918 418 925 422 -
1031 330 1605 437 constitutiones
1649 369 2146 442 Dioecesanae.

349 505 451 572 De
479 498 875 591 Synodorum
905 506 1469 580 Baltimorensium
1505 516 1563 575 ct
1598 509 2265 578 Neo-Eboraccnsium
2309 511 2837 597 Promulyatione.

1338 639 1531 722 caput
1579 640 1836 707 unicum.

561 762 823 827 Decreta
866 759 1121 826 concilii
1170 759 1442 826 Plenarii
1491 762 1963 828 Baltimorensis
1995 762 2101 842 11„
2148 781 2381 829 necnon
2415 761 2834 831 Conciliorum

352 864 824 935 Provincialium
867 852 1547 945 Neo-Eboracensium,
1613 886 1650 933 a
1713 866 1939 934 Sancta
1995 866 2150 932 Sede
2198 868 2570 955 approbata,
2632 868 2837 932 denuo

349 969 832 1054 promulgamuS,
879 971 1067 1052 atque
1114 969 1191 1035 ab
1225 970 1510 1034 omnibus
1542 970 1609 1035 in
1640 971 1873 1038 Nostra
1908 971 2205 1050 Dioecesi,
2254 991 2511 1054 quorum
2547 972 2835 1048 interest,

347 1074 578 1140 servari
622 1073 931 1157 jubemus.
1022 1074 1118 1141 Ne
1159 1092 1300 1139 vero
1346 1092 1500 1156 quae
1542 1075 1799 1139 statutis
1840 1076 2173 1157 praedictis
2216 1076 2551 1142 salubriter
2590 1077 2836 1144 sancita

346 1180 512 1257 sunt,
561 1177 806 1246 facilius
843 1196 884 1243 -e
932 1178 1230 1243 memoria
1274 1181 1674 1256 evanescant,
1721 1178 1890 1246 enixe
1938 1179 2259 1245 hortamur
2304 1179 2667 1256 Sacerdotes
2697 1200 2836 1246 om-

347 1302 454 1348 nes
497 1282 719 1366 quibus
759 1282 1108 1352 animarum
1153 1301 1304 1350 cura
1358 1283 1698 1360 incumbit,
1762 1286 1833 1348 ut
1899 1303 2108 1349 eorum
2175 1286 2486 1367 exemplar
2540 1284 2703 1368 apud
2763 1305 2831 1349 se

345 1388 632 1463 habeant,
680 1406 751 1454 ac
795 1388 985 1453 semel
1024 1388 1246 1453 saltem
1285 1387 1350 1456 in
1395 1406 1573 1467 anno,
1614 1406 1736 1453 una
1766 1407 1907 1453 cum
1942 1389 2127 1472 hujus
2158 1388 2387 1472 Synodi
2415 1390 2829 1456 Dioecesanae

345 1490 903 1566 constitutionibus
950 1491 1282 1575 diligenter
1327 1492 1634 1557 evolvant.

1301 1674 1384 1739 De
1427 1674 1857 1742 sacramentis.

551 1796 704 1864 Cum
751 1796 1044 1864 instituta
1089 1814 1126 1859 a
1169 1749 1611 1881 benignissimo
1655 1796 1974 1862 Salvatore
2020 1797 2249 1862 Nostro
2295 1797 2696 1893 Sacramenta
2726 1801 2822 1863 to-

235 1964 237 1967 .
341 1879 534 1966 tidem
583 1902 709 1967 sint
760 1901 961 1964 fontes
1007 1919 1200 1983 aquae
1245 1900 1530 1966 salientis
1572 1900 1635 1965 in
1679 1902 1871 1965 vitam
1901 1903 2239 1979 aeternam,
2287 1884 2576 1970 tenentur
2614 1921 2825 1967 ornnes

341 2025 548 2073 curam
594 2006 881 2089 gerentes
926 2004 1274 2074 animarum
1322 2023 1393 2069 ea
1437 2023 1554 2069 non
1603 2006 1720 2069 rite
1766 2006 1961 2071 solum
2007 2005 2335 2089 debitaque
2367 2026 2510 2071 cum
2540 2025 2825 2072 reveren-

338 2111 432 2175 tia
479 2111 793 2186 tractare,
842 2119 1054 2173 verum
1102 2108 1326 2188 etiam,
1395 2108 1608 2173 sedulo
1664 2108 2042 2176 instituendo
2088 2109 2329 2191 fideles,
2391 2111 2706 2195 providere
2751 2114 2826 2174 ut

339 2213 604 2298 digniori
648 2231 767 2297 quo
812 2212 944 2278 fieri
975 2213 1180 2295 potest
1211 2212 1413 2292 modo,
1448 2214 1637 2297 atque
1674 2212 1939 2279 uberiori
1972 2232 2113 2278 cum
2143 2214 2353 2280 fructu
2384 2214 2821 2298 suscipiantur.

1168 2349 1320 2434 Gap.
1368 2357 1426 2418 1.
1493 2351 1593 2417 De
1635 2352 1993 2435 Baptismo.
2034 2427 2042 2433 ,

545 2471 849 2558 Quoniam
893 2493 963 2538 ex
1011 2471 1242 2540 Christi
1291 2473 1542 2538 Domini
1590 2472 1820 2551 verbis,
1890 2474 2083 2540 »Nisi
2140 2474 2280 2556 quis
2331 2480 2593 2540 renatus
2630 2475 2826 2557 fuerit

337 2602 415 2648 ex
473 2602 642 2664 aqua
704 2586 761 2674 εξ
815 2578 1062 2661 Spiritu
1125 2579 1355 2645 Sancto
1410 2598 1537 2645 non
1587 2584 1792 2661 potest
1846 2579 2113 2645 introire
2174 2581 2244 2644 in
2302 2600 2564 2663 reymom
2631 2578 2814 2657 Dei,‹

338 2686 647 2769 Baptismi
690 2682 1157 2757 Sacramentum
1203 2682 1450 2749 omnino
1495 2686 1592 2748 est
1636 2683 1713 2749 ad
1745 2683 2010 2750 salutem
2045 2683 2476 2764 necessarium,
2520 2683 2661 2767 jure
2695 2684 2821 2767 pri-

337 2810 506 2857 mum
552 2788 825 2854 omnium
872 2789 1055 2871 atque
1103 2787 1363 2852 aliorum
1408 2784 1944 2853 sacramentorum
1989 2786 2185 2853 veluti
2230 2788 2423 2871 janua
2463 2787 2815 2852 habendum

337 2896 448 2961 est.
519 2893 726 2958 ‘Patet
770 2891 984 2957 exinde
1030 2892 1364 2957 maximam
1396 2890 1460 2956 in
1490 2910 1561 2957 eo
1593 2892 1954 2957 conterendo
1988 2891 2215 2976 requiri
2246 2891 2659 2975 diligentiam,
2706 2911 2819 2956 nec

337 3016 608 3083 unquam
654 3000 785 3063 sin-e
828 2996 1009 3080 culpa
1056 3015 1172 3060 non
1218 2994 1517 3088 adhiberi.
1593 2995 1679 3060 Ut
1722 2995 1920 3079 igitur
1963 3015 2085 3080 qua
2128 3015 2237 3079 par
2285 2997 2379 3061 est
2424 2996 2820 3062 observantia

336 3102 720 3189 praebeatur,
770 3104 957 3184 atque
1005 3100 1250 3180 abusuri,
1298 3099 1350 3165 si
1394 3099 1502 3183 qni
1546 3100 1909 3183 irrepserint
1952 3102 2017 3164 in
2064 3100 2373 3184 Baptismi
2422 3100 2821 3166 administra-

336 3207 536 3286 tione,
595 3205 840 3271 facilius
885 3220 917 3270 e
966 3204 1164 3270 medio
1210 3205 1545 3284 tollantur,
1608 3221 1681 3269 ea
1741 3222 1897 3288 quae
1949 3206 2290 3288 sequuntur
2353 3204 2654 3271 servanda
2711 3204 2819 3269 ‹le-

337 3294 658 3377 cet-nimus.
1353 3391 1359 3405 ’

543 3413 592 3479 Ι.
655 3414 732 3478 In
778 3429 1145 3497 unaquaque
1190 3411 1468 3493 ecclesia,
1511 3414 1618 3478 ubi
1669 3412 1973 3497 Baptismi
2013 3411 2480 3479 Sacramentum
2511 3412 2817 3478 ordinarie

335 3518 667 3597 confertur,
707 3517 871 3584 Fons
920 3518 1322 3601 Baptismalis
1355 3519 1516 3584 clavi
1546 3520 1885 3599 obseratuS,
1933 3516 2292 3584 sinendum
2325 3518 2569 3599 existat,
2599 3536 2816 3602 quam-

334 3623 600 3707 primum
644 3622 981 3689 ha'beatur:
1029 3641 1212 3707 prope
1257 3642 1438 3707 quem
1484 3624 1693 3688 omnia
1738 3642 1894 3706 quae
1936 3622 2013 3687 ad
2060 3622 2244 3707 hujus
2263 3621 2660 3688 Sacramenti
2697 3622 2815 3687 mi-

335 3720 760 3793 nistrationem
806 3726 1135 3811 pertinent,
1185 3726 1378 3792 nitide
1423 3728 1761 3795 serventur.
2682 3747 2685 3753 ·

550 3831 632 3899 11.
706 3830 998 3896 Patrinus
1041 3828 1105 3896 in
1152 3830 1474 3914 Baptismo
1521 3831 1776 3897 solemni
1822 3850 1981 3896 unns
2024 3829 2287 3909 saltem,
2348 3830 2477 3898 sive
2524 3830 2633 3912 vir,
2684 3832 2812 3896 sive

313 3936 590 4015 mulier,
648 3936 929 4001 adhiberi
975 3935 1175 4002 debet.
1269 3931 1369 4001 Ad
1415 3935 1532 4001 hoc
1579 3937 1791 4002 autem
1837 3955 2092 4015 munuS,
2152 3954 2223 4000 ex
2282 3935 2556 4001 Ritualis
2620 3935 2809 4000 etiam

331 4040 727 4126 praescripto,
775 4039 1148 4105 admittendi
1194 4058 1309 4105 non
1357 4041 1505 4105 sunt
1544 4040 1843 4121 infideles,
1889 4041 1998 4105 aut
2045 4040 2361 4121 haeretici,
2411 4041 2523 4105 aut
2567 4039 2811 4123 publice

332 4144 664 4224 criminosi,
711 4145 822 4209 aut
866 4145 972 4227 qui
1015 4142 1158 4211 fidei
1202 4144 1554 4210 rudimenta
1599 4143 1909 4228 ignorant.

535 4248 653 4317 ΙΙΙ.
720 4244 1152 4315 Sacerdotibus
1209 4247 1421 4315 sedulo
1477 4249 1815 4314 curandum
1870 4251 1965 4315 est
2023 4268 2099 4315 ne
2160 4267 2429 4332 unquam
2493 4248 2666 4314 extra
2711 4241 2810 4313 ec'-

329 4354 582 4418 clesiam
602 4402 618 4431 ,
676 4352 924 4437 praeter
967 4352 1186 4418 mortis
1229 4351 1611 4419 imminentis
1650 4371 1868 4418 casum
1890 4403 1906 4433 ,
1954 4353 2070 4418 hoc
2113 4353 2580 4419 Sacramentum
2627 4351 2811 4417 mini-

329 4458 593 4536 stretur,
658 4457 1017 4541 praesertim
1085 4456 1191 4522 ubi
1254 4457 1332 4523 ab
1394 4456 1714 4523 ecclesiam
1778 4457 1980 4522 facilis
2034 4458 2208 4540 patet
2254 4476 2551 4522 accessus.
2647 4457 2811 4522 Rure

328 4562 536 4625 autem
581 4563 646 4626 et
689 4562 754 4627 in
798 4557 1105 4646 oppidulis
1145 4560 1252 4627 ubi
1298 4561 1572 4645 parvuli,
1623 4560 1698 4627 ob
1747 4562 1844 4625 ter
1888 4562 1986 4627 vel
2033 4563 2255 4645 quater
2298 4560 2468 4625 mille
2515 4579 2806 4645 passuum
2843 4614 2849 4622 .
