3050 4859
164 130 228 197 278
321 114 412 203 θανά.
430 147 571 216 Arcbiep.
591 145 691 202 Coloc-
708 147 803 202 lustr.
819 162 879 215 pru
898 105 1252 201 umbrone-Dracones.

268 318 296 403 §-
325 320 377 383 22.
425 319 484 385 Ubi
517 317 692 384 indorsatas
724 316 829 384 Officii
858 316 1041 383 Dioecesani
1071 315 1284 383 Resolutioues
1317 313 1417 380 Vice-

164 422 434 491 Arcbi·Diacouus
456 422 614 505 receperit,
639 440 690 489 eas
714 420 967 490 concernentibus
987 418 1135 485 Paroobis
1155 419 1415 491 communicabit.

165 546 275 595 careus
296 512 417 604 tamen,
451 545 488 591 ne
522 525 715 593 Relationem
749 544 838 592 suam
870 542 942 610 oum
973 523 1223 588 Resolutionibus
1255 523 1293 587 ad
1317 541 1416 587 casus

164 630 368 719 particulares
388 629 600 719 attinentibus
622 648 677 713 per
699 627 884 693 Districtum
908 627 1047 692 circulet.
1068 664 1104 673 -
1123 626 1201 692 Cum
1218 623 1299 691 enirn
1316 644 1417 709 penes

165 736 236 803 acta
262 732 342 799 talia
372 733 584 801 universarum
616 730 825 800 Ecclesiarum
855 732 956 796 status
988 730 1155 797 adnotatus
1177 730 1349 807 habeatur,
1382 732 1418 795 et

165 832 232 905 unu.
249 838 344 903 etiam
366 836 405 902 do
428 838 564 905 moribus
587 834 772 903 curatorum
801 835 913 901 relatio
939 834 1012 902 fiat:
1045 853 1161 900 errores
1190 833 1326 912 Fratris,
1357 834 1417 917 qui

158 960 268 1027 ‘ceram
284 941 360 1027 Ueliis
382 940 449 1025 tegi
472 930 627 1025 deberent,
650 938 677 1004 si
693 941 766 1008 cota
781 937 978 1017 circulentur,
994 937 1032 1004 ad
1048 937 1254 1023 coguitionem
1270 936 1417 1002 omnium

166 1030 361 1111 doulratrum
383 1044 486 1109 venire
509 1042 668 1127 continget
691 1061 760 1107 cum
781 1041 1000 1126 prostitutione
1023 1042 1054 1107 et
1077 1042 1253 1107 contusione
1275 1041 1418 1105 errantis

167 1152 200 1217 et
221 1148 317 1213 etiem
340 1148 454 1231 sperati
477 1148 597 1215 fructus
620 1149 652 1213 et
674 1146 898 1213 emendationis
919 1145 1052 1229 jactura.
1076 1182 1120 1191 -
1142 1144 1228 1225 Quae
1243 1143 1363 1209 idcirco
1382 1148 1419 1207 in

167 1270 246 1319 nexu
281 1252 420 1318 actorum
453 1250 629 1335 hujusmodi
663 1251 746 1315 ciroa
782 1250 912 1315 Curetes
941 1269 996 1334 per
1018 1248 1162 1341 Officium
1186 1249 1417 1341 Diocaesauum

160 1354 359 1434 ordinentur,
383 1374 419 1421 ea
438 1356 566 1421 cuilibet
588 1375 642 1439 per
664 1354 788 1423 littores
810 1354 1105 1449 privatas'iotimet.

167 1530 169 1535 ,
231 1514 234 1521 ,
269 1476 299 1561 ἕ.
321 1478 371 1557 23.
407 1478 560 1546 Effectum
583 1496 706 1555 eorum,
729 1476 862 1559 quaein
886 1475 1329 1556 ueruRcletiouissuaepar
1352 1472 1418 1539 Or·

166 1580 355 1651 diuerietum
385 1580 592 1647 determinata
619 1583 707 1659 suut,
742 1580 972 1664 quamprimum
1004 1578 1191 1663 procurabit.
1242 1577 1309 1658 Quo
1338 1596 1419 1641 vero

78 1708 80 1717 ²
161 1684 291 1769 ‚singula
313 1702 417 1752 eorum
447 1685 561 1751 curtim
591 1684 791 1767 securiusque
826 1682 951 1748 effectui
984 1683 1217 1765 mancipentur,
1253 1680 1420 1747 occasione

167 1786 290 1852 futurae
314 1788 509 1854 visitationis
532 1790 602 1853 acte
620 1788 827 1871 praeteritae,
853 1807 914 1851 uua
936 1806 1006 1851 oum
1030 1786 1122 1852 editis
1145 1786 1178 1850 in
1202 1805 1280 1850 uero
1303 1786 1422 1849 horum

167 1889 282 1958 Officii·
294 1890 476 1957 Dioecesaui
493 1892 746 1959 Resolutiouibus
760 1893 928 1975 percurret,
953 1892 984 1959 et
999 1889 1178 1975 indagabit:
1203 1909 1277 1954 uum
1293 1908 1418 1965 earum,

167 2012 246 2078 quae
257 1998 499 2078 praecesserunt,
512 1994 747 2078 dispositionum
758 1993 885 2061 edoctus
895 2014 1048 2079 congruus
1058 1996 1238 2078 procuratus
1247 1992 1415 2058 habeatur.

344 2200 448 2287 Caput
470 2203 540 2287 111.
575 2202 627 2271 De
649 2202 946 2287 Oooprepctc'onc'bus
968 2200 1238 2268 Districtuoldbos.

241 2378 242 2381 =
271 2340 300 2425 ξ.
325 2340 376 2405 24.
408 2338 486 2406 (lem
508 2341 630 2407 uberior
649 2340 731 2407 Cleri
751 2340 861 2407 Cureti
874 2340 905 2404 in
920 2339 1059 2405 scientiis
1075 2339 1270 2424 'theologicis
1287 2339 1417 2404 cultura

168 2446 201 2509 et
222 2444 253 2509 iu
277 2445 444 2510 salubriter
466 2436 714 2511 administranda
736 2446 910 2510 animarum
933 2462 1007 2509 cura
1030 2444 1131 2521 zelus,
1162 2443 1347 2520 dexteritas,
1381 2443 1416 2507 et

167 2547 331 2631 prudentia
362 2549 410 2613 bis
437 2550 620 2633 praesertim
652 2549 842 2632 temporibus
872 2566 1064 2631 summopere
1089 2547 1276 2631 exoptabilis
1298 2564 1334 2611 ac
1356 2565 1416 2611 ue·

167 2652 300 2717 cessarie
321 2652 394 2731 sint,
419 2652 528 2719 horum
550 2672 620 2719 vero
640 2652 740 2731 modis
764 2652 906 2716 omuibus
921 2651 1195 2734 promovendorum
1212 2650 1421 2733 aptissimum

168 2755 345 2821 vehiculum
367 2756 533 2822 uniuersali
556 2775 610 2841 per
632 2756 804 2821 Ecclesiam
827 2755 1040 2839 Hungsricam
1064 2755 1257 2820 Dioeocsium
1282 2773 1340 2819 usu
1359 2772 1416 2818 re·

168 2860 275 2942 nepteo
298 2859 343 2925 sic
365 2860 466 2926 dictae
486 2859 750 2944 Congregatioues
782 2879 836 2924 seu
861 2859 998 2926 Oorouae
1021 2859 1167 2925 Fratrum
1192 2856 1415 2925 Districtuales

168 2980 235 3028 esse
257 2963 495 3047 dignoscantur:
527 2962 565 3030 de
596 2963 645 3028 bis
671 2982 792 3049 quoque
815 2983 874 3046 quo
899 2963 1026 3029 meliore
1047 2965 1196 3046 prouentu
1217 2962 1415 3028 asservandis

169 3066 516 3133 Vico-Archi·Diacouo
537 3068 689 3161 quaedem
716 3067 878 3132 uniformis
900 3086 1069 3153 cynosurae
1098 3068 1198 3133 instar
1219 3066 1415 3133 obseruanda

168 3170 304 3241 veniunt.
351 3170 392 3237 Et
413 3172 538 3255 quidem

272 3292 300 3377 ς.
325 3292 376 3359 25.
415 3290 676 3377 Congregetiones
710 3293 927 3359 Districtualos
957 3311 1011 3374 pro
1040 3310 1124 3358 more
1153 3292 1187 3357 in
1216 3293 1274 3357 heo
1296 3291 1411 3357 Archi·

170 3394 308 3461 Dioeoesi
330 3396 453 3478 recepto
475 3396 559 3461 omui
581 3397 723 3462 semestri
745 3396 892 3463 inomisse
921 3398 1099 3474 serventur,
1127 3396 1255 3479 diesque
1285 3396 1413 3461 illarum

58 3482 59 3485 ¹
169 3498 422 3564 celebrandarum
444 3500 565 3583 proprio
587 3501 837 3567 Archi-Diacouo
859 3500 982 3585 praevie
1003 3501 1194 3578 insinuetur,
1220 3504 1258 3565 ut
1282 3520 1336 3583 pro
1359 3520 1412 3565 ca·

169 3602 279 3685 piendo
301 3600 334 3667 in
359 3599 468 3669 iisdem
492 3604 654 3686 praesidio,
677 3606 704 3671 si
727 3606 786 3689 ipsi
807 3606 854 3672 ita
876 3605 976 3671 visum
996 3606 1101 3685 luerit,
1125 3606 1228 3670 uenire
1248 3605 1355 3688 possit

274 3724 305 3809 §ss
324 3726 375 3789 26.
410 3724 508 3790 Locus
529 3725 732 3793 celebrandae
761 3726 1017 3813 Congregatiouis
1043 3728 1199 3794 communi
1222 3726 1412 3794 V.·A.-Dia·

163 3828 458 3894 coniuratum
481 3828 732 3897 Districtualium
755 3832 903 3916 suffragio
926 3832 1179 3897 determinandus
1206 3831 1410 3913 relinquitum

168 3932 251 4015 prior
273 3933 379 3999 tamen
402 3952 511 4000 curare
528 3934 629 4025 debet,
654 3937 690 4001 ut
704 3938 857 4020 quantum
872 3936 958 4016 licet,
978 3939 1009 4002 et
1023 3956 1125 4003 rerum
1141 3936 1243 4003 status
1258 3935 1409 4013 admittit,

168 4038 199 4101 in
222 4038 363 4103 omnibus
381 4037 546 4123 ⁵Parocbiis
570 4058 644 4106 suee
664 4040 743 4107 serie
766 4040 968 4109 celebrentur.

274 4158 303 4245 ἓ.
327 4160 378 4227 27.
410 4160 471 4227 Pro
493 4161 552 4229 buo
572 4154 747 4245 comparere
770 4162 949 4248 obligentur
970 4181 1075 4229 omnes
1095 4182 1111 4227 e
1128 4160 1280 4227 Districtu
1301 4159 1409 4225 (iurati

169 4264 202 4328 ct
222 4262 391 4346 capellani,
414 4262 447 4328 in
467 4264 618 4348 quantum
638 4268 704 4330 siue
725 4282 818 4331 curae
841 4265 1015 4331 animarum
1030 4264 1217 4330 detrimento
1232 4284 1249 4329 e
1265 4262 1409 4346 parochia

169 4365 275 4431 abesse
299 4368 436 4449 possunt.
483 4366 542 4449 Qui
570 4368 806 4451 congregationi
834 4368 980 4452 legitima
1004 4388 1041 4433 ex
1064 4386 1158 4434 causa
1179 4366 1328 4448 interesse
1352 4385 1408 4431 non

170 4469 312 4551 possent:
338 4468 497 4537 absentiae
519 4470 670 4536 rationem
689 4471 811 4553 praevio
833 4470 1177 4538 Viae-Archi·l)iaoono
1198 4470 1313 4555 scripto
1335 4470 1408 4535 insi·
