3050 4859
280 244 371 301 θανά.
391 246 532 315 Archa'ep.
554 244 652 300 Coloe.
673 242 766 300 lustr.
785 262 844 315 pro
864 244 1215 302 vice-Archt·Ddacorrta.
1302 226 1365 295 273
1500 319 1517 338 η

228 419 257 501 ᾖ.
282 418 309 483 7.
345 417 509 483 Occasione
532 418 718 482 visitationis
750 417 928 501 hujusmodi
956 419 1088 501 primum
1111 421 1143 482 et
1166 419 1238 482 ante
1261 422 1366 488 omnia

124 522 237 587 librum
260 521 429 585 Rationum
453 522 511 586 sibi
532 522 564 585 iu
586 522 761 604 praesentia
784 523 1058 604 Repraesentantis
1089 521 1277 587 Patrouatns
1300 523 1366 600 aut,

123 626 176 689 uhi
199 626 272 691 talis
295 644 354 690 non
377 611 467 703 esset,
491 625 512 690 J
516 625 613 690 udicis
635 626 696 691 loci
719 645 755 689 ac
778 626 908 703 Notarii,
934 621 1065 709 denique
1088 624 1290 710 Syndicorum
1307 626 1367 691 Ec-

124 729 234 793 clesiae
251 727 386 794 exhiberi
402 749 455 812 per
472 729 644 795 Parentum
662 730 857 813 procurabit;
880 730 1092 813 perceptiones
1110 748 1145 794 ac
1162 728 1365 813 erogationes,

124 834 286 899 observata
312 832 453 917 inprimis
484 820 758 898 Remanentiaru'm
789 833 898 915 prioris
926 834 998 897 anni
1026 833 1133 898 debita
1156 835 1187 897 in
1210 832 1365 897 calculum

124 937 314 1015 inductione,
338 957 408 1002 curn
432 936 624 1001 documentis
649 936 818 1016 revidebit,
841 956 894 1016 ac,
919 938 946 1002 si
968 938 1116 1003 Rationes
1138 956 1192 1020 per
1215 936 1366 1003 Curatum

124 1042 183 1106 rite
205 1040 315 1107 ductas
337 1040 505 1119 invenerit,
540 1040 671 1123 idipsum
703 1042 736 1106 in
767 1041 847 1107 libro
870 1042 1055 1120 Rationum,
1089 1041 1259 1125 praemissa
1280 1041 1366 1106 brevi

124 1145 326 1229 perceptionis
350 1147 380 1211 et
403 1144 589 1228 erogationis
613 1145 850 1223 combinatione,
875 1146 997 1229 propria
1019 1166 1112 1211 manu
1130 1146 1261 1213 notabit.
1286 1145 1365 1209 Tum

123 1249 302 1314 numerabit
324 1248 498 1315 effectivum
521 1248 633 1314 Cassae
656 1251 794 1326 statum;
818 1254 850 1314 et
875 1250 1048 1327 defectum,
1068 1250 1165 1334 siquis
1188 1250 1289 1315 nefors
1312 1269 1367 1333 ap-

124 1356 253 1435 pareret,
275 1371 343 1418 mox
367 1352 500 1436 suppleri
525 1353 717 1435 procurabit3
748 1354 952 1438 investigabit
981 1355 1077 1419 etiarn
1104 1374 1179 1419 num
1202 1353 1364 1439 Obligato·

123 1456 216 1522 riales
239 1456 278 1521 ad
301 1456 449 1521 amussim
472 1458 660 1522 statutorum
683 1457 930 1523 dioecesanorum
953 1456 1107 1542 legalibus
1130 1457 1280 1536 cautelis,
1304 1456 1363 1542 (ut'

123 1563 213 1626 sunt:
239 1560 412 1645 hypotheca
434 1559 599 1638 sufficiens,
624 1561 809 1645 subscriptio
830 1561 940 1640 uxoris,
966 1560 1164 1644 fidejussoris,
1186 1561 1314 1628 testium
1328 1560 1366 1624 de

126 1667 288 1731 numerata
311 1665 457 1747 pecunia,
486 1664 690 1748 intabulatio)
718 1664 870 1747 provisae,
903 1669 940 1729 et*
965 1666 1148 1730 elocationes
1176 1663 1365 1748 Capitalium

124 1769 200 1834 locis
223 1769 338 1833 securis
361 1768 462 1832 factae
485 1768 610 1845 fuerint,
634 1771 768 1851 actuque
791 1770 873 1846 siut,
896 1770 970 1834 item
991 1788 1031 1833 an
1054 1787 1173 1833 annuus
1188 1786 1297 1833 census
1312 1767 1365 1833 de·

125 1874 188 1937 bite
212 1872 413 1955 persolvatur.
459 1872 607 1954 Alioquin
638 1872 779 1937 insecurd
814 1873 882 1938 locb
916 1873 1016 1954 posita
1049 1872 1204 1955 Capitalia
1230 1871 1365 1937 revocari

122 1976 253 2060 jubebit.
299 1976 466 2061 Indagahit
489 1976 630 2058 insuper:
659 1995 732 2040 num
762 1977 858 2042 Cassa
886 1977 1044 2043 Ecclesiae
1066 1977 1123 2041 snb
1142 1976 1260 2058 triplici
1281 1992 1365 2039 sera·

34 2068 39 2075 ’
124 2083 197 2144 tura
219 2081 250 2144 et
271 2080 351 2144 clavi
373 2079 404 2143 in
429 2078 632 2163 Syudicorum
655 2079 685 2143 in
708 2079 839 2145 solidum
863 2099 933 2145 cum
955 2080 1093 2145 Parocho
1109 2077 1364 2163 responsabilium

126 2201 275 2249 concursu
295 2184 383 2267 juxta
406 2183 526 2247 statuta
546 2183 726 2249 dioecesana
746 2183 1005 2249 administretur?

227 2288 255 2372 d.
282 2288 311 2351 8.
343 2286 523 2352 Terminata
545 2287 695 2353 revisiono
718 2288 903 2366 Rationum,
932 2289 964 2352 et
985 2287 1130 2367 dimisso,
1160 2286 1187 2352 si
1214 2287 1364 2352 hactenus

125 2392 242 2469 aderat,
270 2392 455 2457 Patrouatns
478 2392 740 2474 Repraesentante
763 2392 903 2475 aliisque,
930 2390 1113 2455 Matricolas
1136 2392 1168 2455 et
1191 2389 1365 2456 Protocolla

124 2496 313 2579 parochialia
339 2496 399 2559 sibi
417 2494 511 2560 faciet
534 2495 683 2573 exhiheri,
719 2495 911 2578 videbitque:
945 2514 1019 2558 num
1050 2495 1125 2558 haec
1161 2495 1304 2559 accurate
1332 2496 1364 2558 et

124 2600 222 2665 nitide
245 2599 433 2677 scribantur,
453 2598 616 2681 omniaque
638 2599 677 2663 iis
699 2597 860 2665 inferenda
879 2598 982 2663 debite
1006 2598 1094 2663 illata
1115 2597 1311 2662 habeantur?
1332 2600 1364 2662 et

124 2703 274 2781 defectus,
304 2721 380 2786 quos
403 2702 553 2768 invenerit
576 2702 757 2785 praesertim
781 2702 813 2766 in
837 2701 1029 2779 Matriculis,
1061 2701 1140 2766 serio
1163 2701 1362 2785 perstringet,

125 2826 252 2890 moxque
276 2806 384 2871 Officio
409 2806 593 2871 Dioecesano
617 2823 670 2889 pro
690 2805 817 2870 ferenda
840 2824 976 2890 congrue
998 2805 1120 2870 medela
1141 2799 1322 2883 insinuabit.

227 2910 255 2993 ξ.
279 2911 309 2974 9.
341 2909 504 2975 Revidebit
527 2928 614 2991 porro
636 2909 779 2974 libellum
800 2909 962 2976 Sacrorum
983 2908 1265 2987 Fundationalium,
1288 2908 1315 2972 si
1332 2910 1364 2973 et

123 3013 327 3096 inquantum
351 3014 427 3077 haec
450 3013 603 3077 nonnullis
628 3012 752 3078 Curatis
775 3013 929 3095 imposita,
952 3014 1009 3079 aut
1031 3013 1126 3077 etiam
1142 3031 1196 3095 per
1210 3012 1278 3095 pios
1295 3011 1365 3075 tun·

124 3116 247 3181 datores
271 3117 375 3200 legata
397 3117 566 3193 habentnr;
602 3116 765 3201 indagabit
798 3136 922 3199 nempe:
958 3136 1012 3181 an·
1026 3116 1101 3181 haec
1133 3135 1185 3197 per
1216 3115 1365 3181 Curatum

38 3276 40 3279 .
120 3220 206 3304 justo
228 3222 365 3303 tempore
388 3220 596 3298 absolvantur,
620 3222 652 3285 et
675 3220 818 3296 absoluta
839 3221 871 3283 in
893 3220 998 3285 libello
1021 3219 1204 3304 signentur?
1227 3218 1362 3300 alioquin

123 3324 319 3408 procurabit,
352 3326 386 3387 ut
416 3322 558 3408 neglecta
590 3342 677 3389 sacra
710 3342 778 3389 mox
805 3324 1020 3401 absolvantur,
1049 3342 1085 3388 ac
1116 3323 1211 3388 etiam
1234 3321 1364 3387 fundata

123 3446 212 3492 sacra
241 3429 272 3491 in
306 3427 437 3491 sacrista
468 3427 589 3509 publice
623 3428 680 3491 sub
714 3428 794 3492 vitro
822 3428 854 3491 in
878 3428 1003 3492 tabellis
1026 3427 1162 3510 exposita
1182 3426 1365 3493 habeantur.

124 3531 263 3615 Denique
284 3530 418 3614 inquiret
440 3531 472 3594 in
495 3530 691 3595 fundationes
714 3530 922 3613 Capellarum,
947 3530 1117 3608 Calvariae,
1141 3530 1217 3595 item
1237 3529 1365 3596 Crucem

124 3637 155 3701 et
177 3636 370 3711 Statuarum,
396 3653 434 3698 an
457 3634 569 3713 adsint,
591 3652 631 3699 an
655 3634 807 3718 Capitalia
830 3655 937 3700 securo
959 3635 1025 3700 loco
1047 3635 1220 3700 habeantur
1235 3634 1365 3711 elacata,

124 3742 156 3805 et
176 3739 364 3804 interusuria
387 3738 488 3804 abiis
511 3738 747 3821 dependantur?
791 3739 961 3823 Indagahit
982 3739 1130 3822 denique:
1162 3757 1200 3802 an
1227 3737 1367 3803 Ecclesia

124 3845 173 3909 vel
196 3842 347 3908 Perochia
371 3842 483 3908 habeat
506 3842 731 3907 fundationalia
755 3842 910 3927 Capitalia
933 3848 988 3906 aut
1010 3843 1155 3926 Legata?
1182 3825 1275 3905 Nom
1291 3841 1366 3905 haec

124 3966 230 4013 securo
251 3947 318 4013 leco
340 3948 461 4011 elocata
485 3948 517 4011 et
540 3947 716 4011 intabulata
739 3946 827 4011 sint?
872 3946 954 4011 Num
979 3946 1096 4011 Census
1119 3948 1278 4009 accurrate
1300 3944 1364 4009 sol·

124 4052 215 4116 vatur
242 4052 273 4115 et
302 4070 388 4115 mens
418 4049 602 4115 Eundatoris
632 4050 755 4115 effectui
780 4051 997 4133 mancipetur?
1041 4050 1189 4132 Alioquin
1210 4048 1364 4131 Capitalia

126 4172 182 4218 non
206 4153 380 4219 intabulata
406 4172 475 4219 mon
497 4154 683 4232 intabulari,
714 4155 781 4219 loco
811 4155 952 4218 insecura
983 4152 1082 4237 posita
1102 4152 1239 4219 revocari
1262 4150 1365 4229 faciet,

124 4256 304 4323 relationem
328 4278 420 4340 penes
444 4259 514 4322 acta
537 4258 762 4323 visitationalia
785 4258 823 4322 de
845 4258 986 4321 universo
1008 4255 1196 4340 Capitalium
1220 4256 1306 4320 statu
1321 4253 1367 4319 ol·

125 4360 194 4427 ficio
219 4360 416 4440 Dioecesano,
440 4381 577 4445 congrua
600 4380 653 4445 pro
677 4382 709 4427 re
733 4363 807 4427 nata
830 4361 1027 4443 dispositum,
1051 4360 1268 4443 praestiturus.

229 4464 258 4549 ξ.
285 4465 334 4531 10.
368 4466 443 4530 Post
466 4465 541 4529 haec
557 4466 728 4530 Ecclesiam
745 4465 899 4548 inspiciet,
916 4465 1076 4548 signanter
1090 4462 1255 4546 indagabit
1274 4464 1367 4556 l·mo,

126 4589 198 4635 num
222 4568 336 4634 munde
359 4588 395 4634 ac
417 4568 514 4634 nitide
537 4570 613 4635 haec
637 4588 706 4635 cum
723 4569 772 4648 iis,
795 4588 873 4651 quae
889 4568 929 4633 ad
946 4586 1015 4632 eam
1030 4568 1182 4650 spectant,
1205 4568 1368 4632 servetur?

154 4681 246 4727 Archiv
261 4681 302 4727 fiir·
316 4680 508 4728 Klrchenrecht.
522 4681 562 4729 LI.
1223 4670 1264 4733 18
