<?xml version="1.0" encoding="UTF-8"?>
<!DOCTYPE html PUBLIC "-//W3C//DTD XHTML 1.0 Transitional//EN"
    "http://www.w3.org/TR/xhtml1/DTD/xhtml1-transitional.dtd">
<html xmlns="http://www.w3.org/1999/xhtml" xml:lang="en" lang="en">
 <head>
  <title>
</title>
<meta http-equiv="Content-Type" content="text/html;charset=utf-8" />
  <meta name='ocr-system' content='tesseract 3.04.00' />
  <meta name='ocr-capabilities' content='ocr_page ocr_carea ocr_par ocr_line ocrx_word'/>
</head>
<body>
  <div class='ocr_page' id='page_1' title='image "./archivfrkatholi08unkngoog_0272.png"; bbox 0 0 3050 4859; ppageno 0'>
   <div class='ocr_carea' id='block_1_1' title="bbox 145 142 1089 227">
    <p class='ocr_par' dir='ltr' id='par_1_1' title="bbox 145 142 1089 227">
     <span class='ocr_line' id='line_1_1' title="bbox 145 142 1089 227; baseline 0.01 -21"><span class='ocrx_word' id='word_1_1' title='bbox 145 142 210 207; x_wconf 80' lang='grc'><strong>260</strong></span> <span class='ocrx_word' id='word_1_2' title='bbox 390 163 392 165; x_wconf 83' lang='grc'><strong>’</strong></span> <span class='ocrx_word' id='word_1_3' title='bbox 448 158 560 227; x_wconf 76' lang='lat' dir='ltr'><strong>Spaud.</strong></span> <span class='ocrx_word' id='word_1_4' title='bbox 579 157 675 215; x_wconf 76' lang='lat' dir='ltr'><strong>dioec.</strong></span> <span class='ocrx_word' id='word_1_5' title='bbox 694 142 864 216; x_wconf 78' lang='lat' dir='ltr'><strong>Neu-Ebur.</strong></span> <span class='ocrx_word' id='word_1_6' title='bbox 884 162 937 215; x_wconf 82' lang='lat' dir='ltr'><strong>ll&#39;.</strong></span> <span class='ocrx_word' id='word_1_7' title='bbox 959 180 986 215; x_wconf 86' lang='lat' dir='ltr'><strong>a.</strong></span> <span class='ocrx_word' id='word_1_8' title='bbox 1005 163 1089 217; x_wconf 79' lang='lat'><strong><em>1882.</em></strong></span> 
     </span>
    </p>
   </div>
   <div class='ocr_carea' id='block_1_2' title="bbox 145 328 1392 731">
    <p class='ocr_par' dir='ltr' id='par_1_2' title="bbox 145 328 1392 731">
     <span class='ocr_line' id='line_1_2' title="bbox 199 328 1392 418; baseline 0.003 -21"><span class='ocrx_word' id='word_1_9' title='bbox 199 356 201 361; x_wconf 95' lang='lat'>·</span> <span class='ocrx_word' id='word_1_10' title='bbox 250 328 303 399; x_wconf 81' lang='lat' dir='ltr'><strong>Vl.</strong></span> <span class='ocrx_word' id='word_1_11' title='bbox 338 331 592 416; x_wconf 83' lang='lat' dir='ltr'>Quandoquidem</span> <span class='ocrx_word' id='word_1_12' title='bbox 614 334 663 398; x_wconf 87' lang='lat' dir='ltr'><strong>tot</strong></span> <span class='ocrx_word' id='word_1_13' title='bbox 684 336 716 398; x_wconf 86' lang='lat' dir='ltr'><strong>ct</strong></span> <span class='ocrx_word' id='word_1_14' title='bbox 737 334 828 399; x_wconf 88' lang='lat' dir='ltr'><strong>tauta</strong></span> <span class='ocrx_word' id='word_1_15' title='bbox 848 336 921 399; x_wconf 89' lang='lat' dir='ltr'><strong>suut</strong></span> <span class='ocrx_word' id='word_1_16' title='bbox 934 335 1020 399; x_wconf 80' lang='lat' dir='ltr'><strong>mala</strong></span> <span class='ocrx_word' id='word_1_17' title='bbox 1034 354 1114 418; x_wconf 89' lang='lat' dir='ltr'><strong>quac</strong></span> <span class='ocrx_word' id='word_1_18' title='bbox 1128 354 1164 400; x_wconf 88' lang='lat' dir='ltr'><strong>err</strong></span> <span class='ocrx_word' id='word_1_19' title='bbox 1181 334 1392 401; x_wconf 86' lang='lat' dir='ltr'><strong>Matrimoniis</strong></span> 
     </span>
     <span class='ocr_line' id='line_1_3' title="bbox 145 435 1390 522; baseline 0.002 -20"><span class='ocrx_word' id='word_1_20' title='bbox 145 435 249 502; x_wconf 76' lang='lat' dir='ltr'><strong>mixtis</strong></span> <span class='ocrx_word' id='word_1_21' title='bbox 272 436 445 521; x_wconf 85' lang='lat' dir='ltr'><strong>profluunt,</strong></span> <span class='ocrx_word' id='word_1_22' title='bbox 468 439 580 501; x_wconf 85' lang='lat' dir='ltr'><strong>nrirnru</strong></span> <span class='ocrx_word' id='word_1_23' title='bbox 605 438 720 501; x_wconf 90' lang='lat' dir='ltr'><strong>nemini</strong></span> <span class='ocrx_word' id='word_1_24' title='bbox 744 438 868 514; x_wconf 79' lang='lat' dir='ltr'><strong>suntsi,</strong></span> <span class='ocrx_word' id='word_1_25' title='bbox 899 459 918 504; x_wconf 89' lang='lat' dir='ltr'><strong>a</strong></span> <span class='ocrx_word' id='word_1_26' title='bbox 938 439 1045 522; x_wconf 87' lang='lat' dir='ltr'><strong>priscis</strong></span> <span class='ocrx_word' id='word_1_27' title='bbox 1067 440 1164 505; x_wconf 85' lang='lat' dir='ltr'><strong>etiam</strong></span> <span class='ocrx_word' id='word_1_28' title='bbox 1186 440 1390 522; x_wconf 85' lang='lat' dir='ltr'><strong>temporibus,</strong></span> 
     </span>
     <span class='ocr_line' id='line_1_4' title="bbox 147 541 1390 627; baseline 0.003 -22"><span class='ocrx_word' id='word_1_29' title='bbox 147 542 283 607; x_wconf 86' lang='lat' dir='ltr'><strong>ldcclesia</strong></span> <span class='ocrx_word' id='word_1_30' title='bbox 316 542 481 606; x_wconf 79' lang='lat' dir='ltr'><strong>severiores</strong></span> <span class='ocrx_word' id='word_1_31' title='bbox 515 541 661 605; x_wconf 88' lang='lat' dir='ltr'><strong>adversus</strong></span> <span class='ocrx_word' id='word_1_32' title='bbox 694 542 751 606; x_wconf 88' lang='lat' dir='ltr'><strong>illa</strong></span> <span class='ocrx_word' id='word_1_33' title='bbox 784 544 872 627; x_wconf 89' lang='lat' dir='ltr'><strong>leges</strong></span> <span class='ocrx_word' id='word_1_34' title='bbox 899 544 1022 609; x_wconf 88' lang='lat' dir='ltr'><strong>tulerit.</strong></span> <span class='ocrx_word' id='word_1_35' title='bbox 1075 544 1134 608; x_wconf 90' lang='lat' dir='ltr'><strong>His</strong></span> <span class='ocrx_word' id='word_1_36' title='bbox 1155 544 1188 609; x_wconf 92' lang='lat' dir='ltr'><strong>in</strong></span> <span class='ocrx_word' id='word_1_37' title='bbox 1211 545 1390 627; x_wconf 80' lang='lat' dir='ltr'><strong>regionibus</strong></span> 
     </span>
     <span class='ocr_line' id='line_1_5' title="bbox 145 644 1390 731; baseline 0.002 -21"><span class='ocrx_word' id='word_1_38' title='bbox 145 646 251 711; x_wconf 88' lang='lat' dir='ltr'><strong>mitius</strong></span> <span class='ocrx_word' id='word_1_39' title='bbox 274 646 398 729; x_wconf 89' lang='lat' dir='ltr'><strong>quidem</strong></span> <span class='ocrx_word' id='word_1_40' title='bbox 422 644 594 727; x_wconf 84' lang='lat' dir='ltr'><strong>agendum,</strong></span> <span class='ocrx_word' id='word_1_41' title='bbox 621 646 715 729; x_wconf 88' lang='lat' dir='ltr'><strong>atquo</strong></span> <span class='ocrx_word' id='word_1_42' title='bbox 738 646 851 713; x_wconf 84' lang='lat' dir='ltr'><strong>haecce</strong></span> <span class='ocrx_word' id='word_1_43' title='bbox 871 647 1023 724; x_wconf 85' lang='lat' dir='ltr'><strong>connubia</strong></span> <span class='ocrx_word' id='word_1_44' title='bbox 1045 648 1151 730; x_wconf 90' lang='lat' dir='ltr'><strong>aliqua</strong></span> <span class='ocrx_word' id='word_1_45' title='bbox 1173 668 1208 712; x_wconf 86' lang='lat' dir='ltr'><strong>en</strong></span> <span class='ocrx_word' id='word_1_46' title='bbox 1230 651 1318 731; x_wconf 88' lang='lat' dir='ltr'><strong>parte</strong></span> <span class='ocrx_word' id='word_1_47' title='bbox 1341 652 1390 714; x_wconf 91' lang='lat' dir='ltr'><strong>tu-</strong></span> 
     </span>
    </p>
   </div>
   <div class='ocr_carea' id='block_1_3' title="bbox 39 748 1390 839">
    <p class='ocr_par' dir='ltr' id='par_1_3' title="bbox 39 748 1390 839">
     <span class='ocr_line' id='line_1_6' title="bbox 39 748 1390 839; baseline 0.001 -24"><span class='ocrx_word' id='word_1_48' title='bbox 39 768 40 773; x_wconf 52' lang='lat'><em>*</em></span> <span class='ocrx_word' id='word_1_49' title='bbox 144 750 270 825; x_wconf 81' lang='lat' dir='ltr'><strong>iuranda</strong></span> <span class='ocrx_word' id='word_1_50' title='bbox 292 750 389 815; x_wconf 90' lang='lat' dir='ltr'><strong>satius</strong></span> <span class='ocrx_word' id='word_1_51' title='bbox 413 748 516 825; x_wconf 81' lang='lat' dir='ltr'><strong>dunit3</strong></span> <span class='ocrx_word' id='word_1_52' title='bbox 548 749 602 812; x_wconf 91' lang='lat' dir='ltr'><strong>sed</strong></span> <span class='ocrx_word' id='word_1_53' title='bbox 633 769 686 833; x_wconf 94' lang='lat' dir='ltr'><strong>pro</strong></span> <span class='ocrx_word' id='word_1_54' title='bbox 715 769 771 815; x_wconf 91' lang='lat' dir='ltr'><strong>suo</strong></span> <span class='ocrx_word' id='word_1_55' title='bbox 789 751 908 829; x_wconf 50' lang='lat' dir='ltr'><strong>,domus</strong></span> <span class='ocrx_word' id='word_1_56' title='bbox 932 751 989 839; x_wconf 89' lang='lat' dir='ltr'><strong>Dei</strong></span> <span class='ocrx_word' id='word_1_57' title='bbox 1014 756 1107 835; x_wconf 89' lang='lat' dir='ltr'><strong>atque</strong></span> <span class='ocrx_word' id='word_1_58' title='bbox 1127 752 1301 817; x_wconf 87' lang='lat' dir='ltr'><strong>animarum</strong></span> <span class='ocrx_word' id='word_1_59' title='bbox 1323 754 1390 817; x_wconf 84' lang='lat' dir='ltr'><strong>nelo</strong></span> 
     </span>
    </p>
   </div>
   <div class='ocr_carea' id='block_1_4' title="bbox 141 853 1389 1565">
    <p class='ocr_par' dir='ltr' id='par_1_4' title="bbox 142 853 1389 1249">
     <span class='ocr_line' id='line_1_7' title="bbox 143 853 1389 943; baseline 0.002 -26"><span class='ocrx_word' id='word_1_60' title='bbox 143 854 234 921; x_wconf 88' lang='lat' dir='ltr'><strong>caute</strong></span> <span class='ocrx_word' id='word_1_61' title='bbox 257 853 357 943; x_wconf 76' lang='lat' dir='ltr'><strong>simul¹</strong></span> <span class='ocrx_word' id='word_1_62' title='bbox 370 854 555 917; x_wconf 85' lang='lat' dir='ltr'><strong>ac&#39;strenne</strong></span> <span class='ocrx_word' id='word_1_63' title='bbox 576 872 696 937; x_wconf 85' lang='lat' dir='ltr'><strong>semper</strong></span> <span class='ocrx_word' id='word_1_64' title='bbox 719 854 873 921; x_wconf 88' lang='lat' dir='ltr'><strong>laboravit</strong></span> <span class='ocrx_word' id='word_1_65' title='bbox 889 854 941 942; x_wconf 88' lang='lat' dir='ltr'><strong>pia</strong></span> <span class='ocrx_word' id='word_1_66' title='bbox 960 860 1069 935; x_wconf 86' lang='lat' dir='ltr'><strong>mater,</strong></span> <span class='ocrx_word' id='word_1_67' title='bbox 1094 856 1129 919; x_wconf 90' lang='lat' dir='ltr'><strong>ut</strong></span> <span class='ocrx_word' id='word_1_68' title='bbox 1142 855 1274 919; x_wconf 89' lang='lat' dir='ltr'><strong>filiorum</strong></span> <span class='ocrx_word' id='word_1_69' title='bbox 1291 858 1389 921; x_wconf 87' lang='lat' dir='ltr'><strong>saluti</strong></span> 
     </span>
     <span class='ocr_line' id='line_1_8' title="bbox 143 956 1387 1044; baseline 0.001 -21"><span class='ocrx_word' id='word_1_70' title='bbox 143 978 197 1041; x_wconf 80' lang='lat' dir='ltr'><strong>pro</strong></span> <span class='ocrx_word' id='word_1_71' title='bbox 222 957 337 1023; x_wconf 90' lang='lat' dir='ltr'><strong>viribus</strong></span> <span class='ocrx_word' id='word_1_72' title='bbox 359 956 541 1025; x_wconf 80' lang='lat' dir='ltr'><strong>consuleret.</strong></span> <span class='ocrx_word' id='word_1_73' title='bbox 579 957 672 1043; x_wconf 52' lang='lat' dir='ltr'><strong>⁴Quae</strong></span> <span class='ocrx_word' id='word_1_74' title='bbox 696 978 764 1022; x_wconf 89' lang='lat' dir='ltr'><strong>curn</strong></span> <span class='ocrx_word' id='word_1_75' title='bbox 788 958 834 1022; x_wconf 90' lang='lat' dir='ltr'><strong>ita</strong></span> <span class='ocrx_word' id='word_1_76' title='bbox 856 961 936 1037; x_wconf 85' lang='lat' dir='ltr'><strong>sint,</strong></span> <span class='ocrx_word' id='word_1_77' title='bbox 967 960 1053 1044; x_wconf 90' lang='lat' dir='ltr'><strong>leges</strong></span> <span class='ocrx_word' id='word_1_78' title='bbox 1080 962 1243 1042; x_wconf 85' lang='lat' dir='ltr'><strong>sequentes</strong></span> <span class='ocrx_word' id='word_1_79' title='bbox 1272 959 1387 1042; x_wconf 78' lang='lat' dir='ltr'><strong>synodi</strong></span> 
     </span>
     <span class='ocr_line' id='line_1_9' title="bbox 142 1048 1388 1148; baseline 0.001 -21"><span class='ocrx_word' id='word_1_80' title='bbox 142 1062 427 1143; x_wconf 79' lang='lat' dir='ltr'><strong>Neo-Eboraceusis</strong></span> <span class='ocrx_word' id='word_1_81' title='bbox 449 1062 485 1140; x_wconf 84' lang='grc' dir='ltr'><strong>Ι.,</strong></span> <span class='ocrx_word' id='word_1_82' title='bbox 509 1080 589 1148; x_wconf 87' lang='lat' dir='ltr'><strong>anno</strong></span> <span class='ocrx_word' id='word_1_83' title='bbox 613 1048 695 1141; x_wconf 76' lang='lat'>1842</span> <span class='ocrx_word' id='word_1_84' title='bbox 717 1063 854 1141; x_wconf 80' lang='lat' dir='ltr'><strong>habitae,</strong></span> <span class='ocrx_word' id='word_1_85' title='bbox 877 1082 1057 1129; x_wconf 90' lang='lat' dir='ltr'><strong>renovamus</strong></span> <span class='ocrx_word' id='word_1_86' title='bbox 1078 1067 1171 1147; x_wconf 89' lang='lat' dir='ltr'><strong>atque</strong></span> <span class='ocrx_word' id='word_1_87' title='bbox 1194 1063 1388 1129; x_wconf 89' lang='lat' dir='ltr'><strong>decernimus</strong></span> 
     </span>
     <span class='ocr_line' id='line_1_10' title="bbox 142 1165 1096 1249; baseline 0 -18"><span class='ocrx_word' id='word_1_88' title='bbox 142 1166 343 1249; x_wconf 81' lang='lat' dir='ltr'><strong>exequendas.</strong></span> <span class='ocrx_word' id='word_1_89' title='bbox 1094 1165 1096 1170; x_wconf 82' lang='grc'><strong>’</strong></span> 
     </span>
    </p>

    <p class='ocr_par' dir='ltr' id='par_1_5' title="bbox 141 1265 1386 1565">
     <span class='ocr_line' id='line_1_11' title="bbox 233 1265 1386 1356; baseline 0.001 -20"><span class='ocrx_word' id='word_1_90' title='bbox 233 1270 276 1355; x_wconf 48' lang='lat' dir='ltr'><strong>xl.</strong></span> <span class='ocrx_word' id='word_1_91' title='bbox 311 1270 398 1337; x_wconf 89' lang='lat' dir='ltr'><strong>Nulli</strong></span> <span class='ocrx_word' id='word_1_92' title='bbox 421 1268 580 1335; x_wconf 75' lang='lat' dir='ltr'><strong>Sacerdoti</strong></span> <span class='ocrx_word' id='word_1_93' title='bbox 603 1270 650 1335; x_wconf 87' lang='lat' dir='ltr'><strong>fas</strong></span> <span class='ocrx_word' id='word_1_94' title='bbox 673 1271 734 1351; x_wconf 83' lang='lat' dir='ltr'><strong>erit</strong></span> <span class='ocrx_word' id='word_1_95' title='bbox 757 1268 964 1335; x_wconf 84' lang='lat' dir='ltr'><strong>blatrirnoniis</strong></span> <span class='ocrx_word' id='word_1_96' title='bbox 986 1265 1163 1356; x_wconf 84' lang='lat' dir='ltr'><strong>hujusmodi</strong></span> <span class='ocrx_word' id='word_1_97' title='bbox 1186 1272 1300 1353; x_wconf 89' lang='lat' dir='ltr'><strong>adesse,</strong></span> <span class='ocrx_word' id='word_1_98' title='bbox 1325 1274 1386 1337; x_wconf 89' lang='lat' dir='ltr'><strong>nisi</strong></span> 
     </span>
     <span class='ocr_line' id='line_1_12' title="bbox 142 1372 1385 1461; baseline 0.002 -23"><span class='ocrx_word' id='word_1_99' title='bbox 142 1374 227 1457; x_wconf 90' lang='lat' dir='ltr'><strong>prius</strong></span> <span class='ocrx_word' id='word_1_100' title='bbox 249 1393 319 1458; x_wconf 81' lang='lat' dir='ltr'><strong>pars</strong></span> <span class='ocrx_word' id='word_1_101' title='bbox 341 1374 515 1439; x_wconf 87' lang='lat' dir='ltr'><strong>acatholica</strong></span> <span class='ocrx_word' id='word_1_102' title='bbox 536 1375 605 1439; x_wconf 89' lang='lat' dir='ltr'><strong>tum</strong></span> <span class='ocrx_word' id='word_1_103' title='bbox 635 1372 846 1457; x_wconf 86' lang='lat' dir='ltr'><strong>plenissimam</strong></span> <span class='ocrx_word' id='word_1_104' title='bbox 874 1375 973 1457; x_wconf 90' lang='lat' dir='ltr'><strong>partis</strong></span> <span class='ocrx_word' id='word_1_105' title='bbox 1000 1374 1177 1440; x_wconf 81' lang='lat' dir='ltr'><strong>Catholicae</strong></span> <span class='ocrx_word' id='word_1_106' title='bbox 1205 1374 1385 1461; x_wconf 88' lang='lat' dir='ltr'><strong>libertatem</strong></span> 
     </span>
     <span class='ocr_line' id='line_1_13' title="bbox 141 1477 1383 1565; baseline 0.002 -23"><span class='ocrx_word' id='word_1_107' title='bbox 141 1479 223 1543; x_wconf 90' lang='lat' dir='ltr'><strong>circa</strong></span> <span class='ocrx_word' id='word_1_108' title='bbox 246 1477 465 1544; x_wconf 89' lang='lat' dir='ltr'><strong>conscientiam</strong></span> <span class='ocrx_word' id='word_1_109' title='bbox 488 1481 520 1545; x_wconf 87' lang='lat' dir='ltr'><strong>et</strong></span> <span class='ocrx_word' id='word_1_110' title='bbox 543 1478 701 1563; x_wconf 82' lang='lat' dir='ltr'><strong>religionis</strong></span> <span class='ocrx_word' id='word_1_111' title='bbox 723 1498 797 1543; x_wconf 90' lang='lat' dir='ltr'><strong>suae</strong></span> <span class='ocrx_word' id='word_1_112' title='bbox 819 1480 1014 1556; x_wconf 83' lang='lat' dir='ltr'><strong>exercitium,</strong></span> <span class='ocrx_word' id='word_1_113' title='bbox 1038 1482 1105 1543; x_wconf 90' lang='lat' dir='ltr'><strong>turn</strong></span> <span class='ocrx_word' id='word_1_114' title='bbox 1130 1479 1214 1563; x_wconf 89' lang='lat' dir='ltr'><strong>piam</strong></span> <span class='ocrx_word' id='word_1_115' title='bbox 1236 1482 1330 1565; x_wconf 91' lang='lat' dir='ltr'><strong>prolis</strong></span> <span class='ocrx_word' id='word_1_116' title='bbox 1353 1481 1383 1545; x_wconf 90' lang='lat' dir='ltr'><strong>in</strong></span> 
     </span>
    </p>
   </div>
   <div class='ocr_carea' id='block_1_5' title="bbox 120 1580 1384 1669">
    <p class='ocr_par' dir='ltr' id='par_1_6' title="bbox 15 1580 1384 1669">
     <span class='ocr_line' id='line_1_14' title="bbox 120 1580 1384 1669; baseline 0.001 -21.847"><span class='ocrx_word' id='word_1_117' title='bbox 120 1582 202 1648; x_wconf 49' lang='lat' dir='ltr'><strong>¹tide</strong></span> <span class='ocrx_word' id='word_1_118' title='bbox 224 1582 385 1649; x_wconf 80' lang='lat' dir='ltr'><strong>Catholica</strong></span> <span class='ocrx_word' id='word_1_119' title='bbox 415 1583 647 1661; x_wconf 81' lang='lat' dir='ltr'><strong>iustitutionem</strong></span> <span class='ocrx_word' id='word_1_120' title='bbox 673 1580 867 1667; x_wconf 88' lang='lat' dir='ltr'><strong>polliceatur.</strong></span> <span class='ocrx_word' id='word_1_121' title='bbox 924 1584 1016 1649; x_wconf 87' lang='lat' dir='ltr'><strong>Absit</strong></span> <span class='ocrx_word' id='word_1_122' title='bbox 1049 1584 1174 1667; x_wconf 91' lang='lat' dir='ltr'><strong>insuper</strong></span> <span class='ocrx_word' id='word_1_123' title='bbox 1203 1605 1222 1649; x_wconf 89' lang='lat' dir='ltr'><strong>a</strong></span> <span class='ocrx_word' id='word_1_124' title='bbox 1253 1586 1384 1669; x_wconf 89' lang='lat' dir='ltr'><strong>conjuge</strong></span> 
     </span>
    </p>
   </div>
   <div class='ocr_carea' id='block_1_6' title="bbox 111 1677 1382 4062">
    <p class='ocr_par' dir='ltr' id='par_1_7' title="bbox 115 1677 1382 1875">
     <span class='ocr_line' id='line_1_15' title="bbox 115 1677 1382 1771; baseline 0.004 -23"><span class='ocrx_word' id='word_1_125' title='bbox 115 1742 116 1747; x_wconf 74' lang='grc'>,</span> <span class='ocrx_word' id='word_1_126' title='bbox 141 1686 301 1769; x_wconf 82' lang='lat' dir='ltr'><strong>Catholico</strong></span> <span class='ocrx_word' id='word_1_127' title='bbox 322 1688 522 1771; x_wconf 88' lang='lat' dir='ltr'><strong>perversionis</strong></span> <span class='ocrx_word' id='word_1_128' title='bbox 542 1686 731 1771; x_wconf 77' lang='lat' dir='ltr'><strong>periculum,</strong></span> <span class='ocrx_word' id='word_1_129' title='bbox 756 1687 818 1751; x_wconf 89' lang='lat' dir='ltr'><strong>imo</strong></span> <span class='ocrx_word' id='word_1_130' title='bbox 838 1689 1073 1770; x_wconf 86' lang='lat' dir='ltr'><strong>praemoneatur</strong></span> <span class='ocrx_word' id='word_1_131' title='bbox 1095 1677 1133 1752; x_wconf 89' lang='lat' dir='ltr'><strong>se</strong></span> <span class='ocrx_word' id='word_1_132' title='bbox 1152 1690 1249 1753; x_wconf 87' lang='lat' dir='ltr'><strong>teneri</strong></span> <span class='ocrx_word' id='word_1_133' title='bbox 1272 1690 1311 1753; x_wconf 91' lang='lat' dir='ltr'><strong>ad</strong></span> <span class='ocrx_word' id='word_1_134' title='bbox 1334 1690 1382 1753; x_wconf 88' lang='lat' dir='ltr'><strong>al-</strong></span> 
     </span>
     <span class='ocr_line' id='line_1_16' title="bbox 139 1791 959 1875; baseline 0.004 -20"><span class='ocrx_word' id='word_1_135' title='bbox 139 1792 238 1855; x_wconf 89' lang='lat' dir='ltr'><strong>terius</strong></span> <span class='ocrx_word' id='word_1_136' title='bbox 261 1792 489 1857; x_wconf 89' lang='lat' dir='ltr'><strong>conversionem</strong></span> <span class='ocrx_word' id='word_1_137' title='bbox 510 1810 563 1874; x_wconf 92' lang='lat' dir='ltr'><strong>pro</strong></span> <span class='ocrx_word' id='word_1_138' title='bbox 585 1792 701 1857; x_wconf 89' lang='lat' dir='ltr'><strong>viribus</strong></span> <span class='ocrx_word' id='word_1_139' title='bbox 724 1791 959 1875; x_wconf 88' lang='lat' dir='ltr'><strong>procurandam.</strong></span> 
     </span>
    </p>

    <p class='ocr_par' dir='ltr' id='par_1_8' title="bbox 140 1895 1381 2188">
     <span class='ocr_line' id='line_1_17' title="bbox 244 1895 1381 1981; baseline 0.002 -20"><span class='ocrx_word' id='word_1_140' title='bbox 244 1896 274 1963; x_wconf 84' lang='grc'><strong>2.</strong></span> <span class='ocrx_word' id='word_1_141' title='bbox 304 1895 399 1975; x_wconf 87' lang='lat' dir='ltr'><strong>Haud</strong></span> <span class='ocrx_word' id='word_1_142' title='bbox 422 1896 528 1961; x_wconf 89' lang='lat' dir='ltr'><strong>tamen</strong></span> <span class='ocrx_word' id='word_1_143' title='bbox 550 1896 633 1963; x_wconf 89' lang='lat' dir='ltr'><strong>iutra</strong></span> <span class='ocrx_word' id='word_1_144' title='bbox 655 1895 828 1975; x_wconf 84' lang='lat' dir='ltr'><strong>ecclesiam,</strong></span> <span class='ocrx_word' id='word_1_145' title='bbox 850 1897 905 1961; x_wconf 90' lang='lat' dir='ltr'><strong>aut</strong></span> <span class='ocrx_word' id='word_1_146' title='bbox 928 1896 1067 1961; x_wconf 90' lang='lat' dir='ltr'><strong>adhibito</strong></span> <span class='ocrx_word' id='word_1_147' title='bbox 1086 1897 1188 1981; x_wconf 90' lang='lat' dir='ltr'><strong>aliquo</strong></span> <span class='ocrx_word' id='word_1_148' title='bbox 1204 1900 1267 1963; x_wconf 89' lang='lat' dir='ltr'><strong>ritu</strong></span> <span class='ocrx_word' id='word_1_149' title='bbox 1283 1918 1381 1975; x_wconf 83' lang='lat' dir='ltr'><strong>sacru,</strong></span> 
     </span>
     <span class='ocr_line' id='line_1_18' title="bbox 140 1987 1381 2093; baseline 0 -26"><span class='ocrx_word' id='word_1_150' title='bbox 140 2002 195 2088; x_wconf 80' lang='lat' dir='ltr'><strong>aut</strong></span> <span class='ocrx_word' id='word_1_151' title='bbox 225 2018 311 2066; x_wconf 84' lang='lat' dir='ltr'><strong>sacra</strong></span> <span class='ocrx_word' id='word_1_152' title='bbox 333 2001 418 2076; x_wconf 88' lang='lat' dir='ltr'><strong>veste</strong></span> <span class='ocrx_word' id='word_1_153' title='bbox 447 1999 583 2091; x_wconf 87' lang='lat' dir='ltr'><strong>indutus</strong></span> <span class='ocrx_word' id='word_1_154' title='bbox 605 1998 752 2069; x_wconf 83' lang='lat' dir='ltr'><strong>Sacerdos</strong></span> <span class='ocrx_word' id='word_1_155' title='bbox 783 2000 909 2081; x_wconf 87' lang='lat' dir='ltr'><strong>adstans</strong></span> <span class='ocrx_word' id='word_1_156' title='bbox 940 1987 1064 2083; x_wconf 85' lang='lat' dir='ltr'><strong>nuptias</strong></span> <span class='ocrx_word' id='word_1_157' title='bbox 1092 2001 1266 2085; x_wconf 88' lang='lat' dir='ltr'><strong>praedictas</strong></span> <span class='ocrx_word' id='word_1_158' title='bbox 1289 2004 1381 2093; x_wconf 70' lang='lat' dir='ltr'><strong>coho</strong></span> 
     </span>
     <span class='ocr_line' id='line_1_19' title="bbox 141 2104 856 2188; baseline 0.006 -21"><span class='ocrx_word' id='word_1_159' title='bbox 141 2104 287 2169; x_wconf 78' lang='lat' dir='ltr'><strong>restabit.</strong></span> <span class='ocrx_word' id='word_1_160' title='bbox 854 2185 856 2188; x_wconf 16' lang='lat'><strong><em>¹</em></strong></span> 
     </span>
    </p>

    <p class='ocr_par' dir='ltr' id='par_1_9' title="bbox 111 2207 1381 2820">
     <span class='ocr_line' id='line_1_20' title="bbox 242 2207 1381 2293; baseline 0.004 -20"><span class='ocrx_word' id='word_1_161' title='bbox 242 2210 272 2276; x_wconf 89' lang='lat'><strong>3.</strong></span> <span class='ocrx_word' id='word_1_162' title='bbox 307 2209 401 2274; x_wconf 91' lang='lat' dir='ltr'><strong>Nullo</strong></span> <span class='ocrx_word' id='word_1_163' title='bbox 427 2228 562 2293; x_wconf 90' lang='lat' dir='ltr'><strong>uuquam</strong></span> <span class='ocrx_word' id='word_1_164' title='bbox 591 2210 624 2273; x_wconf 91' lang='lat' dir='ltr'><strong>in</strong></span> <span class='ocrx_word' id='word_1_165' title='bbox 646 2227 720 2275; x_wconf 87' lang='lat' dir='ltr'><strong>casu</strong></span> <span class='ocrx_word' id='word_1_166' title='bbox 742 2207 951 2291; x_wconf 86' lang='lat' dir='ltr'><strong>permittenda</strong></span> <span class='ocrx_word' id='word_1_167' title='bbox 976 2211 1035 2274; x_wconf 89' lang='lat' dir='ltr'><strong>erit</strong></span> <span class='ocrx_word' id='word_1_168' title='bbox 1057 2210 1168 2293; x_wconf 83' lang='lat' dir='ltr'><strong>duplex</strong></span> <span class='ocrx_word' id='word_1_169' title='bbox 1188 2212 1381 2277; x_wconf 86' lang='lat' dir='ltr'><strong>Matrimonii</strong></span> 
     </span>
     <span class='ocr_line' id='line_1_21' title="bbox 139 2312 1380 2397; baseline 0.004 -20"><span class='ocrx_word' id='word_1_170' title='bbox 139 2312 314 2391; x_wconf 84' lang='lat' dir='ltr'><strong>celebratio,</strong></span> <span class='ocrx_word' id='word_1_171' title='bbox 337 2314 435 2379; x_wconf 90' lang='lat' dir='ltr'><strong>altera</strong></span> <span class='ocrx_word' id='word_1_172' title='bbox 458 2332 559 2387; x_wconf 85' lang='lat' dir='ltr'><strong>coram</strong></span> <span class='ocrx_word' id='word_1_173' title='bbox 583 2312 759 2391; x_wconf 82' lang='lat' dir='ltr'><strong>Sacerdote,</strong></span> <span class='ocrx_word' id='word_1_174' title='bbox 783 2332 886 2379; x_wconf 91' lang='lat' dir='ltr'><strong>coram</strong></span> <span class='ocrx_word' id='word_1_175' title='bbox 909 2333 1057 2397; x_wconf 85' lang='lat' dir='ltr'><strong>praecone</strong></span> <span class='ocrx_word' id='word_1_176' title='bbox 1074 2316 1247 2381; x_wconf 87' lang='lat' dir='ltr'><strong>acatholico</strong></span> <span class='ocrx_word' id='word_1_177' title='bbox 1264 2318 1380 2394; x_wconf 88' lang='lat' dir='ltr'><strong>altera;</strong></span> 
     </span>
     <span class='ocr_line' id='line_1_22' title="bbox 111 2417 1381 2507; baseline 0.005 -27"><span class='ocrx_word' id='word_1_178' title='bbox 111 2486 113 2491; x_wconf 62' lang='grc'>,</span> <span class='ocrx_word' id='word_1_179' title='bbox 138 2436 236 2502; x_wconf 89' lang='lat' dir='ltr'><strong>neque</strong></span> <span class='ocrx_word' id='word_1_180' title='bbox 260 2417 386 2507; x_wconf 89' lang='lat' dir='ltr'><strong>proinde</strong></span> <span class='ocrx_word' id='word_1_181' title='bbox 406 2418 572 2503; x_wconf 86' lang='lat' dir='ltr'><strong>Presbyter</strong></span> <span class='ocrx_word' id='word_1_182' title='bbox 595 2418 676 2483; x_wconf 88' lang='lat' dir='ltr'><strong>ullus</strong></span> <span class='ocrx_word' id='word_1_183' title='bbox 694 2436 818 2502; x_wconf 88' lang='lat' dir='ltr'><strong>operam</strong></span> <span class='ocrx_word' id='word_1_184' title='bbox 835 2437 922 2483; x_wconf 87' lang='lat' dir='ltr'><strong>snam</strong></span> <span class='ocrx_word' id='word_1_185' title='bbox 939 2419 1195 2502; x_wconf 87' lang='lat' dir='ltr'><strong>qualemcumque</strong></span> <span class='ocrx_word' id='word_1_186' title='bbox 1210 2422 1381 2503; x_wconf 84' lang='lat' dir='ltr'><strong>praestabit</strong></span> 
     </span>
     <span class='ocr_line' id='line_1_23' title="bbox 138 2518 1380 2609; baseline 0.003 -24"><span class='ocrx_word' id='word_1_187' title='bbox 138 2521 254 2605; x_wconf 88' lang='lat' dir='ltr'><strong>nuptiis</strong></span> <span class='ocrx_word' id='word_1_188' title='bbox 277 2541 399 2609; x_wconf 76' lang='lat' dir='ltr'><strong>corum,</strong></span> <span class='ocrx_word' id='word_1_189' title='bbox 430 2522 481 2604; x_wconf 90' lang='lat' dir='ltr'><strong>qui</strong></span> <span class='ocrx_word' id='word_1_190' title='bbox 514 2522 564 2589; x_wconf 88' lang='lat' dir='ltr'><strong>vel</strong></span> <span class='ocrx_word' id='word_1_191' title='bbox 594 2522 660 2607; x_wconf 88' lang='lat' dir='ltr'><strong>jam</strong></span> <span class='ocrx_word' id='word_1_192' title='bbox 683 2523 721 2587; x_wconf 90' lang='lat' dir='ltr'><strong>ad</strong></span> <span class='ocrx_word' id='word_1_193' title='bbox 746 2518 922 2588; x_wconf 86' lang='lat' dir='ltr'><strong>ministrum</strong></span> <span class='ocrx_word' id='word_1_194' title='bbox 949 2522 1083 2607; x_wconf 88' lang='lat' dir='ltr'><strong>aliquem</strong></span> <span class='ocrx_word' id='word_1_195' title='bbox 1107 2524 1323 2589; x_wconf 85' lang='lat' dir='ltr'><strong>heterodonum</strong></span> <span class='ocrx_word' id='word_1_196' title='bbox 1346 2545 1380 2589; x_wconf 87' lang='lat' dir='ltr'><strong>se</strong></span> 
     </span>
     <span class='ocr_line' id='line_1_24' title="bbox 137 2626 1380 2711; baseline 0.003 -22"><span class='ocrx_word' id='word_1_197' title='bbox 137 2626 325 2705; x_wconf 79' lang='lat' dir='ltr'><strong>contulerint</strong></span> <span class='ocrx_word' id='word_1_198' title='bbox 346 2626 515 2705; x_wconf 79' lang='lat' dir='ltr'><strong>sociandos,</strong></span> <span class='ocrx_word' id='word_1_199' title='bbox 538 2627 587 2691; x_wconf 88' lang='lat' dir='ltr'><strong>vel</strong></span> <span class='ocrx_word' id='word_1_200' title='bbox 609 2644 685 2711; x_wconf 93' lang='lat' dir='ltr'><strong>quos</strong></span> <span class='ocrx_word' id='word_1_201' title='bbox 709 2626 740 2693; x_wconf 88' lang='lat' dir='ltr'><strong>id</strong></span> <span class='ocrx_word' id='word_1_202' title='bbox 762 2626 961 2711; x_wconf 88' lang='lat' dir='ltr'><strong>postmodnm</strong></span> <span class='ocrx_word' id='word_1_203' title='bbox 984 2628 1120 2692; x_wconf 89' lang='lat' dir='ltr'><strong>facturus</strong></span> <span class='ocrx_word' id='word_1_204' title='bbox 1141 2647 1207 2694; x_wconf 90' lang='lat' dir='ltr'><strong>csse</strong></span> <span class='ocrx_word' id='word_1_205' title='bbox 1227 2628 1380 2694; x_wconf 86' lang='lat' dir='ltr'><strong>verisimi-</strong></span> 
     </span>
     <span class='ocr_line' id='line_1_25' title="bbox 137 2729 1220 2820; baseline -0.004 -27"><span class='ocrx_word' id='word_1_206' title='bbox 137 2729 210 2795; x_wconf 85' lang='lat' dir='ltr'><strong>liter</strong></span> <span class='ocrx_word' id='word_1_207' title='bbox 232 2729 400 2795; x_wconf 85' lang='lat' dir='ltr'><strong>existimat.</strong></span> <span class='ocrx_word' id='word_1_208' title='bbox 1002 2815 1003 2820; x_wconf 8' lang='grc' dir='ltr'>γ</span> <span class='ocrx_word' id='word_1_209' title='bbox 1046 2785 1049 2789; x_wconf 91' lang='grc'>.</span> <span class='ocrx_word' id='word_1_210' title='bbox 1216 2809 1220 2816; x_wconf 28' lang='grc'>’</span> 
     </span>
    </p>

    <p class='ocr_par' dir='ltr' id='par_1_10' title="bbox 121 2833 1380 4062">
     <span class='ocr_line' id='line_1_26' title="bbox 163 2833 1380 2922; baseline 0.004 -24"><span class='ocrx_word' id='word_1_211' title='bbox 163 2906 165 2911; x_wconf 49' lang='grc'><em>,</em></span> <span class='ocrx_word' id='word_1_212' title='bbox 240 2834 311 2899; x_wconf 89' lang='lat' dir='ltr'><strong>Vll.</strong></span> <span class='ocrx_word' id='word_1_213' title='bbox 326 2908 330 2917; x_wconf 52' lang='grc'><strong>,</strong></span> <span class='ocrx_word' id='word_1_214' title='bbox 346 2834 417 2905; x_wconf 84' lang='lat' dir='ltr'><strong>Non</strong></span> <span class='ocrx_word' id='word_1_215' title='bbox 439 2833 603 2919; x_wconf 88' lang='lat' dir='ltr'><strong>defuerunt</strong></span> <span class='ocrx_word' id='word_1_216' title='bbox 626 2854 661 2899; x_wconf 83' lang='lat' dir='ltr'><strong>cx</strong></span> <span class='ocrx_word' id='word_1_217' title='bbox 683 2834 904 2919; x_wconf 88' lang='lat' dir='ltr'><strong>perditissimis</strong></span> <span class='ocrx_word' id='word_1_218' title='bbox 919 2834 1097 2902; x_wconf 86' lang='lat' dir='ltr'><strong>homiuibus</strong></span> <span class='ocrx_word' id='word_1_219' title='bbox 1113 2837 1175 2920; x_wconf 86' lang='lat' dir='ltr'><strong>qui,</strong></span> <span class='ocrx_word' id='word_1_220' title='bbox 1200 2838 1273 2903; x_wconf 90' lang='lat' dir='ltr'><strong>dum</strong></span> <span class='ocrx_word' id='word_1_221' title='bbox 1297 2836 1380 2922; x_wconf 93' lang='lat' dir='ltr'><strong>prio·</strong></span> 
     </span>
     <span class='ocr_line' id='line_1_27' title="bbox 136 2937 1380 3025; baseline 0.004 -24"><span class='ocrx_word' id='word_1_222' title='bbox 136 2937 178 3001; x_wconf 89' lang='lat' dir='ltr'><strong>ris</strong></span> <span class='ocrx_word' id='word_1_223' title='bbox 198 2937 390 3017; x_wconf 90' lang='lat' dir='ltr'><strong>Matrimonii</strong></span> <span class='ocrx_word' id='word_1_224' title='bbox 412 2937 535 3003; x_wconf 89' lang='lat' dir='ltr'><strong>vinculo</strong></span> <span class='ocrx_word' id='word_1_225' title='bbox 557 2938 659 3003; x_wconf 91' lang='lat' dir='ltr'><strong>adbuc</strong></span> <span class='ocrx_word' id='word_1_226' title='bbox 681 2940 860 3005; x_wconf 90' lang='lat' dir='ltr'><strong>tenerentur</strong></span> <span class='ocrx_word' id='word_1_227' title='bbox 887 2939 1045 3020; x_wconf 85' lang='lat' dir='ltr'><strong>adstricti,</strong></span> <span class='ocrx_word' id='word_1_228' title='bbox 1076 2941 1226 3006; x_wconf 90' lang='lat' dir='ltr'><strong>secundas</strong></span> <span class='ocrx_word' id='word_1_229' title='bbox 1255 2943 1380 3025; x_wconf 88' lang='lat' dir='ltr'><strong>nuptias</strong></span> 
     </span>
     <span class='ocr_line' id='line_1_28' title="bbox 135 3041 1379 3129; baseline 0.004 -22"><span class='ocrx_word' id='word_1_230' title='bbox 135 3041 222 3119; x_wconf 86' lang='lat' dir='ltr'><strong>inire</strong></span> <span class='ocrx_word' id='word_1_231' title='bbox 236 3042 447 3107; x_wconf 84' lang='lat' dir='ltr'><strong>fraudulenter</strong></span> <span class='ocrx_word' id='word_1_232' title='bbox 469 3043 608 3127; x_wconf 82' lang='lat' dir='ltr'><strong>aggressi</strong></span> <span class='ocrx_word' id='word_1_233' title='bbox 631 3042 711 3118; x_wconf 86' lang='lat' dir='ltr'><strong>sint;</strong></span> <span class='ocrx_word' id='word_1_234' title='bbox 742 3043 937 3126; x_wconf 89' lang='lat' dir='ltr'><strong>reperiuntur</strong></span> <span class='ocrx_word' id='word_1_235' title='bbox 966 3044 1091 3128; x_wconf 88' lang='lat' dir='ltr'><strong>insuper</strong></span> <span class='ocrx_word' id='word_1_236' title='bbox 1112 3065 1241 3129; x_wconf 90' lang='lat' dir='ltr'><strong>quorum</strong></span> <span class='ocrx_word' id='word_1_237' title='bbox 1265 3046 1379 3112; x_wconf 89' lang='lat' dir='ltr'><strong>animis</strong></span> 
     </span>
     <span class='ocr_line' id='line_1_29' title="bbox 123 3146 1379 3235; baseline 0.001 -22"><span class='ocrx_word' id='word_1_238' title='bbox 123 3146 251 3235; x_wconf 60' lang='lat' dir='ltr'><strong>,insedit</strong></span> <span class='ocrx_word' id='word_1_239' title='bbox 272 3146 392 3230; x_wconf 87' lang='lat' dir='ltr'><strong>opinio,</strong></span> <span class='ocrx_word' id='word_1_240' title='bbox 425 3166 514 3230; x_wconf 89' lang='lat' dir='ltr'><strong>posse</strong></span> <span class='ocrx_word' id='word_1_241' title='bbox 535 3166 589 3230; x_wconf 91' lang='lat' dir='ltr'><strong>per</strong></span> <span class='ocrx_word' id='word_1_242' title='bbox 619 3148 698 3231; x_wconf 88' lang='lat' dir='ltr'><strong>legis</strong></span> <span class='ocrx_word' id='word_1_243' title='bbox 728 3147 828 3211; x_wconf 90' lang='lat' dir='ltr'><strong>civilis</strong></span> <span class='ocrx_word' id='word_1_244' title='bbox 850 3149 1070 3213; x_wconf 89' lang='lat' dir='ltr'><strong>auctoritatem</strong></span> <span class='ocrx_word' id='word_1_245' title='bbox 1092 3150 1215 3233; x_wconf 89' lang='lat' dir='ltr'><strong>penitus</strong></span> <span class='ocrx_word' id='word_1_246' title='bbox 1236 3151 1379 3235; x_wconf 91' lang='lat' dir='ltr'><strong>abrumpi</strong></span> 
     </span>
     <span class='ocr_line' id='line_1_30' title="bbox 121 3240 1378 3339; baseline 0.005 -24"><span class='ocrx_word' id='word_1_247' title='bbox 121 3240 328 3335; x_wconf 77' lang='lat' dir='ltr'><strong>Matrimonii</strong></span> <span class='ocrx_word' id='word_1_248' title='bbox 351 3251 528 3329; x_wconf 80' lang='lat' dir='ltr'><strong>vinculum3</strong></span> <span class='ocrx_word' id='word_1_249' title='bbox 560 3252 717 3336; x_wconf 89' lang='lat' dir='ltr'><strong>contingit</strong></span> <span class='ocrx_word' id='word_1_250' title='bbox 744 3251 840 3317; x_wconf 88' lang='lat' dir='ltr'><strong>etiam</strong></span> <span class='ocrx_word' id='word_1_251' title='bbox 864 3250 946 3332; x_wconf 90' lang='lat' dir='ltr'><strong>band</strong></span> <span class='ocrx_word' id='word_1_252' title='bbox 967 3243 1037 3318; x_wconf 86' lang='lat' dir='ltr'><strong>raro</strong></span> <span class='ocrx_word' id='word_1_253' title='bbox 1057 3254 1094 3317; x_wconf 92' lang='lat' dir='ltr'><strong>ut</strong></span> <span class='ocrx_word' id='word_1_254' title='bbox 1115 3252 1153 3318; x_wconf 91' lang='lat' dir='ltr'><strong>de</strong></span> <span class='ocrx_word' id='word_1_255' title='bbox 1173 3255 1283 3339; x_wconf 84' lang='lat' dir='ltr'><strong>prioris</strong></span> <span class='ocrx_word' id='word_1_256' title='bbox 1305 3275 1378 3321; x_wconf 92' lang='lat' dir='ltr'><strong>cou-</strong></span> 
     </span>
     <span class='ocr_line' id='line_1_31' title="bbox 132 3353 1377 3443; baseline 0.005 -24"><span class='ocrx_word' id='word_1_257' title='bbox 132 3353 220 3439; x_wconf 81' lang='lat' dir='ltr'><strong>jugis</strong></span> <span class='ocrx_word' id='word_1_258' title='bbox 241 3358 339 3421; x_wconf 88' lang='lat' dir='ltr'><strong>morte</strong></span> <span class='ocrx_word' id='word_1_259' title='bbox 364 3355 494 3424; x_wconf 88' lang='lat' dir='ltr'><strong>dubium</strong></span> <span class='ocrx_word' id='word_1_260' title='bbox 514 3356 641 3423; x_wconf 88' lang='lat' dir='ltr'><strong>oriatur.</strong></span> <span class='ocrx_word' id='word_1_261' title='bbox 687 3357 734 3421; x_wconf 90' lang='lat' dir='ltr'><strong>Ne</strong></span> <span class='ocrx_word' id='word_1_262' title='bbox 753 3356 851 3441; x_wconf 90' lang='lat' dir='ltr'><strong>igitur</strong></span> <span class='ocrx_word' id='word_1_263' title='bbox 873 3356 991 3441; x_wconf 89' lang='lat' dir='ltr'><strong>peccati</strong></span> <span class='ocrx_word' id='word_1_264' title='bbox 1014 3358 1106 3421; x_wconf 89' lang='lat' dir='ltr'><strong>alicui</strong></span> <span class='ocrx_word' id='word_1_265' title='bbox 1127 3359 1279 3443; x_wconf 87' lang='lat' dir='ltr'><strong>particeps</strong></span> <span class='ocrx_word' id='word_1_266' title='bbox 1301 3379 1377 3443; x_wconf 88' lang='lat' dir='ltr'><strong>qno-</strong></span> 
     </span>
     <span class='ocr_line' id='line_1_32' title="bbox 135 3458 1377 3548; baseline 0.005 -25"><span class='ocrx_word' id='word_1_267' title='bbox 135 3459 357 3542; x_wconf 86' lang='lat' dir='ltr'><strong>modocumque</strong></span> <span class='ocrx_word' id='word_1_268' title='bbox 381 3458 529 3525; x_wconf 85' lang='lat' dir='ltr'><strong>Sacerdos</strong></span> <span class='ocrx_word' id='word_1_269' title='bbox 557 3459 631 3539; x_wconf 87' lang='lat' dir='ltr'><strong>fiat,</strong></span> <span class='ocrx_word' id='word_1_270' title='bbox 665 3460 926 3548; x_wconf 70' lang='lat' dir='ltr'><strong>injungimusut</strong></span> <span class='ocrx_word' id='word_1_271' title='bbox 961 3462 1192 3528; x_wconf 89' lang='lat' dir='ltr'><strong>Matrimonium</strong></span> <span class='ocrx_word' id='word_1_272' title='bbox 1221 3464 1377 3529; x_wconf 87' lang='lat' dir='ltr'><strong>celebrare</strong></span> 
     </span>
     <span class='ocr_line' id='line_1_33' title="bbox 135 3563 1374 3649; baseline 0.005 -23"><span class='ocrx_word' id='word_1_273' title='bbox 135 3563 256 3628; x_wconf 89' lang='lat' dir='ltr'><strong>tamdiu</strong></span> <span class='ocrx_word' id='word_1_274' title='bbox 279 3563 434 3633; x_wconf 80' lang='lat' dir='ltr'><strong>detractet</strong></span> <span class='ocrx_word' id='word_1_275' title='bbox 456 3563 602 3645; x_wconf 90' lang='lat' dir='ltr'><strong>quamdin</strong></span> <span class='ocrx_word' id='word_1_276' title='bbox 625 3564 811 3648; x_wconf 81' lang='lat' dir='ltr'><strong>superfuerit</strong></span> <span class='ocrx_word' id='word_1_277' title='bbox 837 3564 980 3649; x_wconf 90' lang='lat' dir='ltr'><strong>legitima</strong></span> <span class='ocrx_word' id='word_1_278' title='bbox 1000 3566 1132 3648; x_wconf 90' lang='lat' dir='ltr'><strong>suspicio</strong></span> <span class='ocrx_word' id='word_1_279' title='bbox 1154 3566 1292 3649; x_wconf 86' lang='lat' dir='ltr'><strong>justusne</strong></span> <span class='ocrx_word' id='word_1_280' title='bbox 1315 3567 1374 3632; x_wconf 92' lang='lat' dir='ltr'><strong>du·</strong></span> 
     </span>
     <span class='ocr_line' id='line_1_34' title="bbox 134 3658 1374 3750; baseline 0.003 -18"><span class='ocrx_word' id='word_1_281' title='bbox 134 3666 256 3732; x_wconf 89' lang='lat' dir='ltr'><strong>bitandi</strong></span> <span class='ocrx_word' id='word_1_282' title='bbox 278 3667 363 3733; x_wconf 89' lang='lat' dir='ltr'><strong>locus</strong></span> <span class='ocrx_word' id='word_1_283' title='bbox 381 3666 424 3749; x_wconf 14' lang='lat' dir='ltr'><strong>&#39;dc</strong></span> <span class='ocrx_word' id='word_1_284' title='bbox 447 3666 556 3750; x_wconf 90' lang='lat' dir='ltr'><strong>prioris</strong></span> <span class='ocrx_word' id='word_1_285' title='bbox 580 3668 695 3733; x_wconf 88' lang='lat' dir='ltr'><strong>vinculi</strong></span> <span class='ocrx_word' id='word_1_286' title='bbox 719 3668 892 3735; x_wconf 84' lang='lat' dir='ltr'><strong>existentia.</strong></span> <span class='ocrx_word' id='word_1_287' title='bbox 939 3668 998 3735; x_wconf 90' lang='lat' dir='ltr'><strong>Ubi</strong></span> <span class='ocrx_word' id='word_1_288' title='bbox 1021 3658 1124 3735; x_wconf 82' lang='lat' dir='ltr'><strong>autem</strong></span> <span class='ocrx_word' id='word_1_289' title='bbox 1150 3670 1286 3738; x_wconf 84' lang='lat' dir='ltr'><strong>medium</strong></span> <span class='ocrx_word' id='word_1_290' title='bbox 1302 3673 1374 3736; x_wconf 91' lang='lat' dir='ltr'><strong>nul-</strong></span> 
     </span>
     <span class='ocr_line' id='line_1_35' title="bbox 134 3770 1376 3856; baseline 0.005 -21"><span class='ocrx_word' id='word_1_291' title='bbox 134 3770 200 3835; x_wconf 89' lang='lat' dir='ltr'><strong>lum</strong></span> <span class='ocrx_word' id='word_1_292' title='bbox 223 3772 355 3856; x_wconf 86' lang='lat' dir='ltr'><strong>occurrit</strong></span> <span class='ocrx_word' id='word_1_293' title='bbox 378 3791 437 3856; x_wconf 92' lang='lat' dir='ltr'><strong>quo</strong></span> <span class='ocrx_word' id='word_1_294' title='bbox 459 3772 588 3838; x_wconf 90' lang='lat' dir='ltr'><strong>dubium</strong></span> <span class='ocrx_word' id='word_1_295' title='bbox 611 3772 676 3855; x_wconf 90' lang='lat' dir='ltr'><strong>ipse</strong></span> <span class='ocrx_word' id='word_1_296' title='bbox 701 3771 866 3853; x_wconf 87' lang='lat' dir='ltr'><strong>dissolvere</strong></span> <span class='ocrx_word' id='word_1_297' title='bbox 896 3780 1006 3856; x_wconf 84' lang='lat' dir='ltr'><strong>queat,</strong></span> <span class='ocrx_word' id='word_1_298' title='bbox 1039 3774 1162 3840; x_wconf 91' lang='lat' dir='ltr'><strong>omuino</strong></span> <span class='ocrx_word' id='word_1_299' title='bbox 1196 3777 1244 3840; x_wconf 92' lang='lat' dir='ltr'><strong>sui</strong></span> <span class='ocrx_word' id='word_1_300' title='bbox 1280 3776 1376 3841; x_wconf 89' lang='lat' dir='ltr'><strong>ducat</strong></span> 
     </span>
     <span class='ocr_line' id='line_1_36' title="bbox 134 3874 1375 3964; baseline 0.004 -23"><span class='ocrx_word' id='word_1_301' title='bbox 134 3874 228 3941; x_wconf 84' lang='lat' dir='ltr'><strong>officii</strong></span> <span class='ocrx_word' id='word_1_302' title='bbox 237 3922 246 3951; x_wconf 25' lang='lat'><strong>1,</strong></span> <span class='ocrx_word' id='word_1_303' title='bbox 280 3894 333 3959; x_wconf 93' lang='lat' dir='ltr'><strong>pro</strong></span> <span class='ocrx_word' id='word_1_304' title='bbox 369 3876 544 3959; x_wconf 87' lang='lat' dir='ltr'><strong>hujusmodi</strong></span> <span class='ocrx_word' id='word_1_305' title='bbox 574 3894 685 3941; x_wconf 85' lang='lat' dir='ltr'><strong>causae</strong></span> <span class='ocrx_word' id='word_1_306' title='bbox 715 3875 888 3959; x_wconf 89' lang='lat' dir='ltr'><strong>gravitate,</strong></span> <span class='ocrx_word' id='word_1_307' title='bbox 922 3876 1042 3944; x_wconf 90' lang='lat' dir='ltr'><strong>nonnisi</strong></span> <span class='ocrx_word' id='word_1_308' title='bbox 1073 3899 1108 3943; x_wconf 83' lang='lat' dir='ltr'><strong>er</strong></span> <span class='ocrx_word' id='word_1_309' title='bbox 1131 3881 1258 3945; x_wconf 88' lang='lat' dir='ltr'><strong>consilio</strong></span> <span class='ocrx_word' id='word_1_310' title='bbox 1281 3883 1375 3964; x_wconf 89' lang='lat' dir='ltr'><strong>atque</strong></span> 
     </span>
     <span class='ocr_line' id='line_1_37' title="bbox 133 3968 1193 4062; baseline 0.006 -19"><span class='ocrx_word' id='word_1_311' title='bbox 133 3980 288 4044; x_wconf 85' lang='lat' dir='ltr'><strong>sententia</strong></span> <span class='ocrx_word' id='word_1_312' title='bbox 309 3979 377 4062; x_wconf 91' lang='lat' dir='ltr'><strong>ipsa</strong></span> <span class='ocrx_word' id='word_1_313' title='bbox 399 3980 524 4059; x_wconf 89' lang='lat' dir='ltr'><strong>Nostra,</strong></span> <span class='ocrx_word' id='word_1_314' title='bbox 546 4000 611 4045; x_wconf 90' lang='lat' dir='ltr'><strong>rem</strong></span> <span class='ocrx_word' id='word_1_315' title='bbox 633 3981 732 4046; x_wconf 86' lang='lat' dir='ltr'><strong>totam</strong></span> <span class='ocrx_word' id='word_1_316' title='bbox 754 3980 899 4045; x_wconf 88' lang='lat' dir='ltr'><strong>dirimere</strong></span> <span class='ocrx_word' id='word_1_317' title='bbox 920 4001 955 4047; x_wconf 92' lang='lat' dir='ltr'><strong>ac</strong></span> <span class='ocrx_word' id='word_1_318' title='bbox 979 3968 1193 4049; x_wconf 89' lang='lat' dir='ltr'><strong>determinare.</strong></span> 
     </span>
    </p>
   </div>
   <div class='ocr_carea' id='block_1_7' title="bbox 610 4168 896 4239">
    <p class='ocr_par' dir='ltr' id='par_1_11' title="bbox 610 4168 896 4239">
     <span class='ocr_line' id='line_1_38' title="bbox 610 4168 896 4239; baseline 0.007 -2"><span class='ocrx_word' id='word_1_319' title='bbox 610 4172 653 4237; x_wconf 84' lang='lat' dir='ltr'><strong>lic</strong></span> <span class='ocrx_word' id='word_1_320' title='bbox 676 4168 761 4239; x_wconf 81' lang='lat' dir='ltr'><strong>curn</strong></span> <span class='ocrx_word' id='word_1_321' title='bbox 785 4174 896 4239; x_wconf 81' lang='lat' dir='ltr'><strong>birino.</strong></span> 
     </span>
    </p>
   </div>
   <div class='ocr_carea' id='block_1_8' title="bbox 132 4292 1372 4589">
    <p class='ocr_par' dir='ltr' id='par_1_12' title="bbox 132 4292 1372 4589">
     <span class='ocr_line' id='line_1_39' title="bbox 235 4292 1372 4382; baseline 0.005 -25"><span class='ocrx_word' id='word_1_322' title='bbox 235 4292 284 4357; x_wconf 84' lang='lat' dir='ltr'><strong>Ad</strong></span> <span class='ocrx_word' id='word_1_323' title='bbox 312 4296 429 4361; x_wconf 87' lang='lat' dir='ltr'><strong>rectam</strong></span> <span class='ocrx_word' id='word_1_324' title='bbox 458 4293 726 4360; x_wconf 86' lang='lat' dir='ltr'><strong>Sacramentornm</strong></span> <span class='ocrx_word' id='word_1_325' title='bbox 758 4295 1060 4361; x_wconf 83' lang='lat' dir='ltr'><strong>administrationem</strong></span> <span class='ocrx_word' id='word_1_326' title='bbox 1087 4316 1124 4360; x_wconf 90' lang='lat' dir='ltr'><strong>ac</strong></span> <span class='ocrx_word' id='word_1_327' title='bbox 1146 4298 1372 4382; x_wconf 89' lang='lat' dir='ltr'><strong>susceptionem</strong></span> 
     </span>
     <span class='ocr_line' id='line_1_40' title="bbox 133 4398 1372 4483; baseline 0.008 -25"><span class='ocrx_word' id='word_1_328' title='bbox 133 4398 264 4462; x_wconf 80' lang='lat' dir='ltr'><strong>maxime</strong></span> <span class='ocrx_word' id='word_1_329' title='bbox 288 4416 323 4462; x_wconf 91' lang='lat' dir='ltr'><strong>ac</strong></span> <span class='ocrx_word' id='word_1_330' title='bbox 342 4399 478 4481; x_wconf 81' lang='lat' dir='ltr'><strong>proxime</strong></span> <span class='ocrx_word' id='word_1_331' title='bbox 494 4400 637 4481; x_wconf 90' lang='lat' dir='ltr'><strong>spectant</strong></span> <span class='ocrx_word' id='word_1_332' title='bbox 652 4418 731 4483; x_wconf 88' lang='lat' dir='ltr'><strong>quae</strong></span> <span class='ocrx_word' id='word_1_333' title='bbox 748 4400 787 4463; x_wconf 93' lang='lat' dir='ltr'><strong>ab</strong></span> <span class='ocrx_word' id='word_1_334' title='bbox 804 4400 943 4465; x_wconf 81' lang='lat' dir='ltr'><strong>Ecclesia</strong></span> <span class='ocrx_word' id='word_1_335' title='bbox 957 4401 1139 4465; x_wconf 87' lang='lat' dir='ltr'><strong>ordinantur</strong></span> <span class='ocrx_word' id='word_1_336' title='bbox 1154 4401 1372 4468; x_wconf 80' lang='lat' dir='ltr'><strong>anremoniae</strong></span> 
     </span>
     <span class='ocr_line' id='line_1_41' title="bbox 132 4494 1370 4589; baseline 0.01 -29"><span class='ocrx_word' id='word_1_337' title='bbox 132 4499 250 4563; x_wconf 85' lang='lat' dir='ltr'><strong>sacrius</strong></span> <span class='ocrx_word' id='word_1_338' title='bbox 271 4500 374 4567; x_wconf 83' lang='lat' dir='ltr'><strong>Ritus.</strong></span> <span class='ocrx_word' id='word_1_339' title='bbox 419 4502 533 4568; x_wconf 87' lang='lat' dir='ltr'><strong>Omnes</strong></span> <span class='ocrx_word' id='word_1_340' title='bbox 555 4494 671 4587; x_wconf 86' lang='lat' dir='ltr'><strong>igitur,</strong></span> <span class='ocrx_word' id='word_1_341' title='bbox 702 4504 754 4586; x_wconf 89' lang='lat' dir='ltr'><strong>qui</strong></span> <span class='ocrx_word' id='word_1_342' title='bbox 781 4502 952 4569; x_wconf 87' lang='lat' dir='ltr'><strong>ministeriu</strong></span> <span class='ocrx_word' id='word_1_343' title='bbox 975 4505 1148 4569; x_wconf 84' lang='lat' dir='ltr'><strong>animarum</strong></span> <span class='ocrx_word' id='word_1_344' title='bbox 1171 4525 1294 4589; x_wconf 86' lang='lat' dir='ltr'><strong>operam</strong></span> <span class='ocrx_word' id='word_1_345' title='bbox 1316 4524 1370 4572; x_wconf 86' lang='lat' dir='ltr'><strong>na·</strong></span> 
     </span>
    </p>
   </div>
   <div class='ocr_carea' id='block_1_9' title="bbox 0 0 1530 4858">
    <p class='ocr_par' dir='ltr' id='par_1_13' title="bbox 0 0 1530 4858">
     <span class='ocr_line' id='line_1_42' title="bbox 0 0 1530 4858; baseline 0 0"><span class='ocrx_word' id='word_1_346' title='bbox 0 0 1530 4858; x_wconf 95' lang='lat' dir='ltr'><strong> </strong></span> 
     </span>
    </p>
   </div>
  </div>
 </body>
</html>
