3050 4859
694 725 702 733 ’
750 737 826 819 Vlll.

159 890 230 971 Von
258 890 322 969 der
347 884 585 967 Siculaneier
611 886 674 964 der
701 885 884 984 Belreiunp
911 882 1308 982 desterreicbbnparns
1335 902 1404 961 rou

421 1008 484 1089 der
511 1006 771 1106 lbrlenpelabr
798 1007 862 1087 des
888 1006 1013 1085 latres
1040 1004 1140 1085 1683.

193 1191 223 1251 1.
259 1184 377 1250 Leonis
399 1182 437 1247 Ρ.
453 1182 490 1248 Ρ.
516 1181 620 1247 ΧΙΙΙ.
644 1181 690 1246 le.
714 1182 795 1247 brev.
819 1181 863 1246 cd
886 1180 1068 1263 Principem
1090 1180 1371 1261 Arcbiepe'seopum

435 1346 443 1350 .
499 1284 669 1351 Vindoborr.
693 1284 722 1349 d.
735 1286 766 1350 d.
791 1290 841 1352 14.
865 1285 947 1368 Aop.
973 1290 1069 1351 1883.

265 1408 329 1474 Leo
349 1406 386 1472 Ρ.
401 1406 437 1473 Ρ.
464 1406 571 1475 ΧΙΙΙ.
617 1407 810 1472 Venerabilis
839 1406 948 1471 Frater
975 1406 1115 1471 Salutem
1136 1408 1166 1470 et
1191 1404 1402 1486 apostolicam

163 1510 423 1577 Benedictionem.
468 1510 567 1575 Nobis
590 1511 801 1592 exponendum
824 1510 982 1588 curavisti,
1007 1511 1065 1575 hoc
1089 1510 1228 1573 vertente
1251 1526 1331 1571 auno
1352 1506 1404 1569 die

161 1616 233 1681 XII.
246 1615 362 1682 mensis
373 1614 562 1697 Septembris
585 1614 775 1679 saecularem
795 1616 973 1679 memoriam
990 1615 1143 1679 recultum
1162 1614 1202 1677 iri
1217 1610 1404 1694 splendidis·

161 1722 233 1786 simi
249 1721 291 1787 'de
314 1719 476 1784 christ-iani
497 1717 630 1783 nominis
654 1718 743 1783 hoste
765 1718 926 1800 triumphi,
950 1738 1010 1801 quo
1032 1718 1155 1783 collatis
1173 1715 1403 1781 Catholicorum

163 1824 341 1908 Principum
365 1822 475 1899 armiS,
509 1822 573 1887 Deo
602 1822 724 1887 lavante
747 1823 779 1887 et
802 1820 1049 1889 Christianorum
1071 1820 1276 1887 Auxiliatrice
1302 1818 1405 1883 Maria

162 1927 291 2011 Virgine
313 1926 529 2003 Immaculata,
554 1925 726 1989 illustrium
747 1926 891 1991 nustriae
913 1924 1138 2009 Imperatorum
1162 1924 1255 1990 Sedes
1286 1922 1404 1988 Virdo*

162 2030 242 2098 bona
263 2029 415 2114 singulari
437 2029 607 2093 Turcarum
630 2029 718 2093 clade
740 2030 779 2093 ab
803 2030 959 2094 obsidione
979 2029 1114 2095 liberata
1128 2028 1198 2093 fuit.
1228 2028 1403 2093 Solemuem

162 2135 243 2200 banc
272 2134 355 2198 diem
384 2132 468 2198 omni
488 2132 660 2198 festivitate
685 2136 719 2197 et
738 2133 861 2198 laetitia
884 2133 1131 2198 Vindobonensos
1156 2133 1237 2197 cives
1258 2133 1402 2209 recolere,

161 2238 428 2323 peculiaribusque
465 2237 614 2301 honorum
647 2238 855 2301 monumentis
866 2216 877 2234 ‘⁶
887 2237 1075 2320 leopoldum
1104 2238 1128 2301 Ι.
1160 2239 1235 2302 tuuc
1254 2236 1404 2320 temporis

163 2342 309 2407 austriae
329 2340 561 2424 Imperatorem,
585 2340 853 2423 clarissimumque
876 2340 1025 2405 ioannem
1052 2340 1109 2405 lll.
1134 2342 1318 2406 Polonorum
1342 2342 1406 2406 Re-

163 2465 249 2530 gem,
281 2447 459 2529 ceterosque
485 2445 671 2510 fortissimos
695 2444 854 2527 Principes
878 2443 1053 2509 catholicos
1076 2446 1191 2527 optime
1215 2446 1252 2510 de
1276 2446 1335 2510 hac
1355 2445 1406 2509 in·

23 2626 27 2631 ,
162 2550 244 2634 signi
267 2549 397 2616 victoria
417 2550 544 2614 meritos
567 2549 720 2614 celebrare
743 2550 919 2615 intendunt.
949 2548 1037 2629 Quod
1059 2550 1182 2633 quidem
1206 2549 1289 2613 omni
1312 2549 1407 2614 laude

161 2653 290 2738 dignum
313 2656 379 2719 est:
403 2673 510 2720 rerum
532 2673 627 2737 quum
649 2653 772 2718 illustre
794 2654 850 2717 boc
872 2654 991 2718 facinus
1014 2653 1146 2735 primunr
1171 2654 1235 2719 Deo
1258 2655 1290 2717 et
1307 2652 1406 2717 Auxi-

160 2758 277 2823 liatrici
300 2758 416 2822 Mariae
437 2760 596 2840 acceptum
619 2758 813 2823 referendum
833 2758 885 2834 sit,
908 2759 1058 2841 optimum
1075 2758 1192 2841 cepisti,
1211 2756 1407 2823 Venerabilis

161 2862 281 2939 Frater,
302 2861 474 2940 consilium,
498 2866 535 2925 ut
558 2864 726 2927 memorato
749 2862 940 2928 liberationis
964 2862 1013 2927 die
1033 2862 1174 2945 Episcopi
1190 2865 1221 2926 et
1240 2861 1405 2926 Praesules

162 2966 311 3033 Austriae
331 2966 364 3031 in
389 2965 616 3031 Vindobonensi
640 2966 767 3049 Templo
791 2968 1029 3049 Metropolitano
1053 2968 1085 3031 iu
1108 2967 1253 3033 bonorem
1277 2967 1307 3031 S.
1331 2965 1403 3031 Ste-

161 3064 265 3153 phaui⁴
279 3070 318 3135 ad
342 3070 479 3155 agendas
502 3070 566 3135 Deo
589 3071 707 3154 gratias
739 3090 800 3135 una
829 3073 932 3135 tecum
961 3073 1194 3155 congregentur.
1241 3070 1307 3151 Quo
1331 3088 1403 3133 vero

162 3192 198 3237 ex
220 3174 278 3239 hac
300 3174 497 3239 solemnitate
526 3173 664 3239 fidelium
693 3174 794 3256 pietas
823 3194 858 3237 ac
886 3174 961 3239 fides
992 3175 1141 3239 excitetur
1175 3176 1206 3238 et
1238 3176 1402 3257 augeatur,

160 3278 399 3360 supplicationes
422 3280 453 3342 iu
475 3278 614 3344 triduum
638 3278 746 3343 diebus
768 3298 875 3360 nempe
897 3279 938 3357 8,
963 3279 993 3343 9,
1008 3278 1071 3343 und
1090 3280 1137 3343 lo.
1156 3278 1345 3361 Septembris
1368 3278 1403 3341 iu

160 3381 317 3465 praedicto
340 3381 468 3464 Templo
491 3383 738 3465 Metropolitauu
762 3383 794 3448 et
816 3382 847 3446 iu
871 3382 998 3446 biduum
1021 3383 1127 3448 diebus
1150 3402 1259 3465 nempe
1276 3384 1305 3448 8.
1323 3384 1355 3446 et
1370 3382 1401 3443 9.

159 3484 193 3548 in
215 3486 347 3569 singulis
370 3484 615 3551 vindobonensis
637 3486 781 3551 Civitatis
805 3506 840 3550 ae
866 3485 1021 3551 Dieecesis
1045 3487 1193 3551 Ecclesiis
1216 3484 1404 3569 parochiali-

160 3588 217 3653 bus
238 3589 428 3679 peragendas
451 3590 584 3655 indicere
607 3590 780 3668 decrevisti,
802 3590 958 3674 Nobisque
982 3592 1069 3656 cuiue
1091 3590 1262 3674 supplicas,
1287 3592 1322 3653 ut
1342 3589 1402 3653 har

160 3693 318 3758 occasione
340 3693 502 3759 thesauros
525 3695 680 3760 Ecclesiae
702 3696 858 3760 recludere
880 3694 1020 3762 velimus.
1059 3697 1179 3779 ltaque,
1201 3696 1237 3759 ut
1256 3694 1400 3777 auspicu-

158 3794 282 3861 tissima
305 3796 381 3863 haee
404 3798 470 3863 dies
488 3800 522 3864 in
540 3799 712 3863 uberiorem
733 3799 825 3865 cedat
847 3805 1020 3865 animarum
1040 3800 1220 3889 utilitatem
1234 3799 1270 3862 de
1291 3798 1401 3864 Omni-

160 3901 296 3983 potentis
317 3901 376 3966 Dei
395 3903 606 3969 misericordia
626 3923 662 3969 ac
685 3904 853 3970 Beatorum
883 3904 968 3968 Petri
997 3906 1029 3969 et
1059 3904 1150 3969 Pauli
1183 3903 1403 3986 Apostolorum

159 4003 235 4089 lljus
258 4006 443 4071 auctoritate
464 4007 579 4086 confisi,
602 4008 744 4074 omnibus
767 4010 799 4073 et
821 4009 953 4093 singulis
976 4008 1137 4091 utriusque
1160 4027 1249 4072 serus
1268 4006 1402 4073 Christi-

160 4109 319 4188 fidelibus,
343 4110 450 4193 quiin
474 4112 712 4197 Metropolitano
736 4113 864 4196 Templo
889 4112 1116 4178 Vindobonensi
1137 4112 1269 4196 siugulis
1292 4112 1401 4177 diebus

159 4214 321 4281 triduanae
344 4214 577 4298 supplicationis
601 4216 778 4300 hujusmodi
798 4218 907 4282 devote
925 4215 1114 4295 adstiterint,
1139 4217 1170 4282 et
1188 4236 1248 4281 uuo
1265 4235 1301 4280 ex
1317 4216 1401 4280 bisce

159 4316 267 4384 diebus
291 4317 328 4385 ad
349 4318 497 4403 cujusque
519 4321 683 4385 arbitrium
707 4320 848 4405 eligendo
869 4340 939 4386 vere
956 4322 1147 4404 poenitentes
1162 4322 1193 4385 et
1214 4319 1343 4385 confessi
1362 4320 1402 4385 ad

159 4419 285 4488 Sacram
307 4422 453 4510 Synaxim
474 4425 676 4504 accesserint,
708 4425 850 4509 idemque
874 4424 1037 4507 Templum
1061 4424 1170 4491 devote
1194 4424 1399 4503 visitaverint,

159 4523 263 4609 ibique
277 4544 332 4610 pro
351 4527 599 4596 Christianorum
616 4529 794 4613 Principum
811 4528 983 4609 concordia,
1007 4529 1169 4595 haeresum
1186 4528 1401 4612 extirpatione,
