3050 4859
287 236 377 303 βεεν.
398 236 537 306 Arcdicp.
557 238 585 289 ri.
608 238 650 290 14.
670 235 750 304 Sept.
769 236 859 291 1876:
882 239 971 290 relat.
991 242 1061 291 alut.
1080 236 1257 307 percontor.
1335 216 1395 282 137

141 409 249 474 relate
272 408 311 473 ad
333 408 415 487 Noe,
447 409 516 473 tum
548 408 679 491 denique
708 408 808 491 quoad
837 408 935 493 ipsam
963 408 1150 487 Ecclesiam,
1183 406 1393 492 unusquisque

143 514 291 577 vestrum
322 512 407 577 facili
438 512 563 597 negotio
593 513 669 576 baec
691 512 838 596 colligere
861 513 984 595 poterit.
1035 512 1143 595 Neque
1176 530 1308 590 novum,
1340 514 1396 578 aut

143 616 254 681 minus
274 616 392 699 justum
417 634 495 681 onus
518 616 575 680 bac
594 616 749 699 praesenti
770 616 839 700 lege
857 615 951 682 Vobis
973 616 1170 699 imponimus.
1199 615 1298 683 Probe
1313 617 1394 682 enim

142 738 334 805 cognoscere
357 719 495 798 debetis,
527 719 653 785 Fratres
688 720 909 798 Dilectissimi‚
942 720 1091 804 mysticae
1114 720 1222 785 vineae
1246 720 1395 785 Procura-

144 828 249 890 torem
272 843 331 890 non
354 824 454 890 solnm
477 842 581 907 posse,
612 824 665 888 sed
689 824 789 889 teneri
812 823 908 889 etiam
931 824 969 888 ab
991 822 1148 907 Operariis
1168 842 1230 912 non
1253 840 1322 890 raro
1345 843 1395 890 ex·

143 929 283 1013 quirere,
306 930 342 993 ut
364 926 515 993 rationem
539 927 670 993 reddent
691 928 894 993 villicationis
916 947 1000 993 suae.

256 1032 352 1116 Agite
375 1051 458 1116 crgo,
479 1030 677 1124 dilectissimi
699 1032 730 1095 in
748 1032 903 1097 Pastorali
920 1030 1029 1097 Officio
1044 1031 1152 1097 Nostri
1169 1030 1395 1115 temeratores,

145 1136 254 1220 agite3
287 1138 319 1201 et
346 1136 424 1214 Vos,
450 1136 509 1219 ‘qui
539 1135 708 1201 Nobiscum
730 1136 910 1202 allaborare
935 1134 1054 1201 debetis
1083 1135 1116 1200 in
1147 1136 1297 1202 instantia
1320 1155 1395 1222 quo·
1523 1196 1524 1199 ,

143 1239 280 1318 tidiana,
305 1239 338 1303 iu
353 1238 561 1305 sollicitudine
577 1240 669 1322 hujus
681 1240 907 1323 Neapolitanae
927 1239 1205 1318 drobidicecesoos,
1229 1234 1395 1325 adjutrices

147 1362 264 1408 manus
287 1345 407 1409 vestrae
429 1344 526 1409 Nobis
548 1343 706 1427 praebete3
726 1344 813 1427 sique
836 1344 972 1410 laborem
996 1343 1131 1427 aliquem
1152 1362 1170 1409 a
1192 1344 1286 1409 Vobis
1307 1362 1397 1429 expe·

145 1448 316 1525 stulamus,
340 1466 394 1531 pro
413 1448 471 1512 Dei
494 1447 603 1531 gloria,
624 1467 677 1529 pro
700 1447 809 1513 demus
832 1448 899 1531 ejus
922 1447 1040 1525 decore,
1068 1466 1121 1531 pre
1143 1448 1316 1514 animarum
1340 1448 1395 1513 de-

61 1583 65 1588 ·
146 1552 247 1635 nique
270 1552 370 1617 salute
395 1551 534 1616 laborare
558 1571 595 1616 ne
617 1552 731 1636 pigeat.
778 1550 828 1617 Ita
850 1552 921 1632 fiet,
945 1554 982 1617 ut
1004 1570 1057 1617 vos
1078 1553 1259 1636 exurgentes
1286 1552 1317 1617 in
1341 1552 1396 1617 ad-

143 1656 301 1740 Juterium
323 1656 492 1733 Nostrum,
526 1657 743 1739 suppetiasque
775 1654 871 1721 Nobis
898 1656 1049 1734 serenico,
1080 1675 1159 1739 quae
1186 1659 1287 1741 magis
1306 1657 1393 1737 bona,

146 1759 256 1844 magis
277 1760 372 1843 justa,
396 1760 497 1844 magis
519 1760 656 1825 salubria
679 1764 753 1825 sunt
774 1762 1007 1845 amplectentes,
1032 1760 1125 1828 simul
1147 1778 1166 1825 a
1188 1759 1312 1827 Christo
1335 1763 1395 1827 Pa·

147 1866 272 1929 storum
295 1863 432 1928 omnium
455 1862 582 1929 Summo
608 1883 643 1929 ac
665 1883 807 1947 supremo
839 1864 980 1949 Principe
1011 1866 1136 1942 bonam,
1166 1865 1335 1930 confertam
1364 1868 1397 1931 et

147 1968 343 2051 coagitatam
363 1967 513 2032 mercedis
529 1986 705 2033 mensuram
725 1968 938 2052 percipiemus,
958 1970 990 2033 et
1006 1968 1082 2033 bene
1098 1976 1279 2051 praeeuntes
1295 1973 1394 2054 gregi,

147 2089 269 2172 duplici
293 2090 405 2153 honore
426 2088 521 2173 digni,
547 2088 612 2154 Deo
636 2089 812 2174 adjuvante,
837 2089 1092 2155 existimabimur.
1171 2111 1177 2119 ‘

259 2193 373 2257 Datum
395 2194 429 2257 iu
450 2192 482 2258 S.
502 2192 687 2258 visitatione
711 2212 746 2258 er
770 2195 884 2259 Nostro
908 2194 1170 2281 Ar'obiepiscopali
1202 2192 1322 2259 Palatio
1345 2194 1395 2259 die

149 2296 205 2362 14.
228 2295 416 2379 Septembris
441 2297 533 2364 1876.

490 2429 509 2494 †
533 2418 657 2502 Xystus
680 2419 771 2485 Card.
796 2419 1061 2502 Arcbicpisoopus

492 2522 673 2589 Vincentius
695 2524 828 2590 Morelli
850 2522 880 2590 S.
905 2523 1098 2590 visitationis
1122 2522 1339 2591 Cancellarius.

223 2712 327 2777 XIII.
366 2712 585 2796 Repolomeuto
610 2712 666 2793 pel
694 2714 770 2778 liceo
802 2715 1019 2780 uroioescooo'le
1048 2714 1129 2797 (app.
1161 2735 1190 2797 p.
1214 2713 1394 2790 36*-45*l

308 2836 377 2880 curu
400 2817 614 2881 correlitutiouc
636 2816 798 2881 Benedici
817 2818 889 2882 ΡΡ.
909 2817 1003 2883 XIV.
1028 2818 1082 2882 Ad
1101 2818 1242 2900 futuroru
1264 2821 1313 2884 rei
1332 2840 1394 2887 rue-

190 2916 193 2921 ’
308 2921 450 2985 ruoriour.
480 2921 569 3002 Quod
590 2926 668 2985 essct
688 2922 858 3002 optandum
881 2923 935 2988 rel.
959 2922 989 2987 d.
1005 2922 1036 2986 d.
1060 2927 1115 2987 24.
1142 2920 1206 2989 Oet.
1232 2926 1317 2989 1745
1339 2944 1394 2987 uec

307 3045 370 3088 uon
392 3024 436 3088 lit.
462 3025 541 3090 brev.
566 3025 720 3106 Quoriioru
741 3031 845 3090 oulcur
869 3027 898 3091 ri.
912 3026 941 3093 cl.
967 3030 1018 3091 13.
1034 3024 1113 3091 Jou.
1130 3030 1227 3103 1746,
1250 3026 1295 3091 lu.
1314 3026 1393 3093 brev.

311 3126 365 3191 Pii
382 3126 447 3192 ΡΡ.
462 3127 528 3192 ΙΧ.
554 3128 608 3191 Ad
626 3130 771 3209 futuroru
795 3130 843 3193 rei
865 3106 1046 3194 rniruoriouc
1068 3129 1142 3194 doru
1158 3129 1231 3195 iude
1246 3129 1284 3195 ob
1301 3152 1393 3208 ouuo,

308 3231 338 3293 d.
352 3230 382 3297 d.
408 3237 437 3297 1.
461 3230 537 3296 Dec.
563 3236 659 3310 1857,
683 3233 764 3297 decr.
790 3232 880 3300 Iloua
903 3254 928 3299 s.
953 3253 1093 3317 couprcp.
1116 3232 1299 3301 Studiorum
1317 3235 1393 3302 old.

309 3338 364 3399 25.
390 3334 467 3400 Noe.
492 3340 588 3401 1679.
1378 3330 1381 3336 ’
