3050 4859
142 147 205 211 128
276 163 388 233 synod.
406 166 535 219 dioeces.
552 163 708 234 Neapolis.
726 182 754 218 o.
774 166 863 219 1882,Ι
885 166 1021 247 append.
1041 170 1253 225 oecumenem.
1285 130 1296 147 ἱ

140 353 228 417 posse
243 334 459 417 juramentum
483 335 676 407 obedientiae
700 354 783 401 mere
807 335 947 419 passivae
977 336 1009 401 in
1041 336 1080 401 iis
1111 338 1274 418 omnibus,
1305 359 1383 423 quae

139 438 274 522 Legibus
291 439 411 504 Divinis
426 440 458 503 et
474 440 699 504 Ecclesiastieis
714 459 775 505 non
791 440 1003 518 adversantur,
1018 440 1108 525 juxta
1123 442 1383 511 1111111111.

140 544 190 607 Pii
212 542 283 608 Vll.
307 543 520 627 adprobatam,
545 545 577 609 et
598 545 682 610 bisce
699 544 800 609 verbis
816 564 1000 629 expressam,
1023 546 1161 613 scilicet:
1185 541 1338 613 Promitte
1357 554 1386 613 ct

131 648 218 730 jmo,
239 670 288 713 me
308 650 470 732 cujustibet
485 652 610 732 pencris
630 650 849 733 conjurationi,
873 652 939 717 sios
960 653 1130 731 concentui,
1150 653 1215 717 sice
1235 652 1385 717 seditioni

138 759 247 817 contro
269 753 392 818 actuale
414 752 608 819 antemium
627 774 754 835 operam
768 774 928 835 amoenum
947 754 1114 821 dotorum:
1137 756 1268 839 itemque
1283 756 1384 823 eidem

137 878 185 922 mc
206 857 373 939 subjectum
391 858 460 940 foce
479 862 572 939 otene
594 857 855 939 obtemperantem
869 860 904 923 ia
918 860 961 924 iis
976 859 1127 939 omuibus,
1143 880 1224 942 quoa
1239 880 1295 925 moe
1307 860 1383 940 Dei,

136 981 192 1026 occ
214 960 375 1026 Ecclesiae
397 960 516 1045 lapibus
535 964 767 1028 adversantem«
791 1046 794 1059 Ι

167 1065 169 1068 ’
244 1066 293 1129 15.
331 1063 489 1145 Quomodo
519 1064 677 1131 Ordinarii
706 1066 789 1130 eirea
819 1066 952 1149 chiam
981 1067 1093 1133 Ptocet
1124 1068 1155 1132 et
1185 1068 1382 1149 Eacpaobcr,

136 1167 218 1250 qnod
240 1167 430 1235 (inberuium
453 1169 513 1233 sibi
536 1165 662 1256 arrogat
688 1188 781 1253 super
812 1170 928 1249 Bullis,
965 1172 1114 1236 Brevibus
1146 1172 1179 1236 11
1209 1171 1383 1255 Rescriptis

138 1256 324 1350 Pontifioiis,
348 1289 380 1336 se
403 1290 510 1356 gerere
532 1272 688 1338 debeant?
1251 1353 1262 1365 ..

241 1376 278 1441 R.
327 1376 415 1442 »Nou
446 1395 512 1443 esse
541 1377 759 1461 inquietandos
782 1378 920 1461 privatas
950 1398 1115 1462 personas,
1150 1398 1244 1462 quae,
1279 1380 1317 1443 11
1346 1398 1382 1444 11

134 1480 276 1557 servent,
299 1479 473 1557 indemnes,
501 1480 540 1546 ad
564 1480 754 1547 Gubernium
779 1500 833 1565 pro
856 1482 953 1565 Ragio
973 1482 1098 1562 Placet,
1123 1502 1176 1548 111
1192 1482 1382 1565 Ecepuotar

134 1585 315 1662 recurrunt3
339 1603 445 1649 verum
468 1584 624 1650 Ordinarii
646 1586 705 1650 hac
726 1585 758 1649 in
782 1603 824 1664 re,
850 1588 1000 1671 quantum
1023 1574 1178 1671 poterunt,
1203 1589 1326 1671 passive
1346 1606 1381 1652 se

135 1688 288 1767 habeant,
311 1689 360 1766 et,
383 1689 408 1753 si
433 1708 450 1753 a
473 1688 630 1755 Gubernio
653 1708 744 1772 super
769 1676 946 1773 hujusmodi
967 1690 1170 1774 petitionibus
1192 1691 1382 1775 interrogati

135 1792 258 1871 luerint,
278 1792 371 1877 juxta
389 1793 476 1876 leges
495 1793 648 1877 justitiae,
671 1795 703 1857 et
725 1794 766 1859 ad
787 1794 917 1859 formam
931 1794 984 1861 SS.
999 1794 1157 1861 Canonum
1180 1794 1381 1872 sententiam,

134 1915 221 1961 suam
246 1896 464 1979 patefaciant«

240 2002 289 2068 16.
328 2001 379 2066 An
401 1999 566 2080 Ordinarii,
592 2001 732 2079 Pareobi,
756 2001 962 2080 Berreficiarii,
986 2002 1140 2086 ceterique
1156 2002 1305 2067 bonorum
1324 2022 1377 2068 eo-

101 2104 375 2178 ,alesiasnmmm
398 2106 681 2183 administratores,
703 2106 729 2169 si
753 2105 900 2189 gravibus
924 2106 980 2171 sub
1003 2106 1109 2189 poenis
1134 2106 1377 2189 expostulentur,

133 2208 289 2275 redituum
312 2210 551 2293 respectivorum
574 2209 785 2275 inventarium
808 2209 965 2282 Gubernio
986 2210 1108 2275 tradere
1130 2210 1274 2294 possint?

237 2314 275 2381 n.
323 2313 497 2393 ›Permitti
521 2314 633 2379 emissa
650 2314 802 2379 tamenin
819 2314 1377 2401 11111111111111111111111111111111

133 2418 211 2484 actis
234 2439 253 2483 a
274 2418 453 2502 respectivis
476 2418 783 2484 administratoribus
807 2437 898 2502 super
924 2420 1108 2485 necessitate
1134 2419 1314 2485 traditionis
1337 2419 1377 2484 ad
1415 2496 1422 2513 ,

133 2522 279 2590 evitanda
300 2526 418 2606 majora
437 2523 530 2602 mala,
553 2524 585 2588 11
604 2541 658 2606 pro
680 2523 813 2588 tuitione
833 2524 951 2607 jurium
973 2523 1138 2588 Ecclesiae.
1162 2523 1252 2589 Mens
1268 2526 1374 2589 antem

132 2627 180 2691 est
202 2624 290 2693 SSmi
313 2628 454 2707 Domini,
486 2629 521 2693 ut
550 2626 709 2693 Ordinarii
738 2629 811 2693 ante
844 2628 892 2693 vel
916 2630 985 2711 post
1007 2628 1224 2705 traditionem,
1256 2628 1282 2691 si
1306 2627 1376 2693 fieri

131 2730 238 2814 possit,
261 2750 352 2813 snper
373 2732 551 2815 praemissis
573 2730 768 2797 collectivam
789 2731 906 2797 faciant
927 2721 1183 2815 protestationem
1200 2732 1375 2797 reverenter

132 2834 266 2918 quidem,
290 2834 347 2919 sed
366 2854 436 2900 oum
460 2835 639 2920 evangelica
660 2835 838 2900 libertate«

237 2940 286 3006 17.
332 2938 489 3021 Quomodo
512 2938 669 3005 Ordinarii
690 2959 724 3004 11
746 2956 853 3023 gerere
876 2938 1009 3005 debeant
1033 2940 1115 3005 cirea
1130 2938 1307 3023 qnempiam
1324 2958 1374 3005 sn-

131 3044 304 3124 oerdotem,
335 3044 388 3129 qui
417 3063 488 3109 cnm
509 3044 542 3109 in
565 3063 710 3110 censuras
732 3043 892 3124 inciderit,
925 3063 996 3109 cum
1021 3044 1158 3109 Ecclesia
1181 3041 1373 3109 reconciliari

131 3148 289 3232 negligat,
325 3168 380 3214 neo
414 3148 535 3214 decerni
566 3148 665 3231 possit
694 3166 712 3211 a
743 3147 864 3213 Divinis
895 3166 1062 3231 suspensus
1091 3148 1205 3231 absque
1232 3146 1374 3231 gravium

131 3251 344 3328 scandalorum
368 3271 404 3317 ao
426 3253 578 3318 malornm
600 3252 735 3318 timore?

235 3356 271 3423 R.
320 3355 516 3421 >Curandum
543 3374 597 3439 pro
623 3356 741 3421 viribus
765 3354 901 3439 ejusdem
925 3354 1095 3420 sacerdotis
1118 3354 1373 3438 resipiscentiam,

130 3462 221 3543 prout
244 3460 315 3525 boni
335 3479 370 3525 ac
396 3460 556 3544 prudentis
579 3460 718 3526 Pastoris
740 3459 877 3526 officinm
900 3460 1044 3541 exposcit,
1070 3460 1110 3538 et,
1134 3458 1161 3523 si
1185 3476 1292 3524 vocem
1315 3456 1374 3523 01-

130 3564 243 3629 dinarii
261 3583 321 3630 non
337 3564 482 3643 audierit,
498 3564 715 3629 recurrendum
731 3582 799 3628 esse
815 3561 854 3627 ad
868 3561 897 3629 S.
912 3560 1042 3627 Consilii
1060 3561 1370 3647 congregationem«

235 3670 285 3735 18.
330 3669 488 3751 Quomodo
511 3687 543 3735 11
566 3687 672 3753 gerere
698 3667 832 3734 debeant
863 3665 1050 3731 Ρ111111111
1074 3664 1373 3731 111111111111111-

129 3775 344 3840 trimoniorum
367 3774 500 3852 illorum,
524 3774 577 3857 qui
599 3772 718 3838 notorie
733 3772 766 3836 in
780 3769 1006 3837 ecclesiasticas
1023 3788 1166 3835 censuras
1181 3767 1373 3835 inciderint?

233 3880 269 3946 R.
317 3877 512 3945 »Curandum
532 3896 586 3961 pro
609 3877 743 3955 viribus,
772 3877 808 3941 11
830 3874 1047 3941 ecclesiasticis
1070 3873 1206 3939 censuris
1229 3872 1373 3961 innodati

129 3983 233 4049 debito
256 3984 346 4048 modo
369 4001 440 4047 cnm
464 3982 603 4047 Ecclesia
625 3980 879 4047 reconcilientur:
900 3980 933 4044 11
956 3979 981 4043 11
1004 3977 1198 4043 reconciliari
1217 3977 1372 4057 recusent,

128 4090 161 4154 et
190 4088 249 4154 nisi
278 4087 512 4153 Matrimonium
546 4085 719 4151 celebretur
750 4084 859 4169 gravia
889 4082 960 4147 inde
988 4082 1102 4147 damna
1131 4080 1294 4147 imminere
1324 4080 1372 4146 vi-

128 4194 277 4273 deantur,
305 4192 461 4257 Paroobns
493 4190 692 4257 Ordinarinm
714 4188 865 4267 consulat,
888 4186 961 4270 qni,
989 4184 1097 4251 habita
1124 4202 1228 4249 rerum
1251 4184 1368 4251 11111-

128 4297 387 4364 cumstantiarum
410 4296 538 4375 ratione,
560 4295 763 4378 omnibusque
786 4290 953 4376 perpensis,
977 4308 1037 4373 qua
1061 4308 1080 4355 a
1102 4289 1240 4372 probatis
1263 4289 1371 4355 aucto·

127 4402 213 4467 ribus
235 4404 267 4468 et
288 4402 471 4487 praesertim
493 4420 512 4466 a
531 4398 562 4466 S.
590 4399 748 4484 Alpbonso
771 4395 853 4482 (bib.
869 4396 922 4473 VI,
947 4393 1049 4459 Tract.
1066 4392 1092 4471 I,
1115 4392 1188 4477 (inp.
1205 4393 1237 4470 2,
1258 4412 1287 4459 1.
1313 4391 1371 4477 54)

127 4506 308 4589 traduntur,
332 4526 368 4574 11
390 4506 544 4585 declaret,
567 4524 647 4588 quae
669 4502 772 4589 magis
795 4498 935 4603 expedire
957 4497 991 4561 in
1014 4496 1145 4562 Domino
1168 4496 1369 4581 judicaverit,
