3050 4859
149 162 257 220 001001·
271 164 326 220 IV.
347 132 392 218 tle
409 163 531 231 discipl.
565 159 637 232 Cup.
659 157 703 215 10.
726 164 769 217 lle
790 132 1104 230 urrrrsroternttutibus
1122 163 1286 217 turicorum.
1329 142 1389 209 115

147 338 292 419 puratum
315 335 348 399 iu
372 335 530 411 Ecclesia,
555 334 602 397 vel
626 333 777 397 Oratoriis
801 332 953 409 babeant;
985 333 1038 398 sed
1061 335 1250 416 itaftameu,
1274 335 1308 398 ut
1331 333 1390 417 piis

148 442 306 522 fidelibus
329 457 470 508 accessus
493 438 532 502 ad
552 438 782 502 Eucharistiam
804 438 1009 521 recipiendam
1033 439 1112 503 liber
1133 440 1249 522 pateat.

253 544 293 614 X.
335 542 495 608 Sodalibus
527 540 632 620 laicis,
664 542 688 607 si
720 543 767 605 ita
792 561 868 624 opus
899 543 973 619 erit,
1006 541 1111 607 licebit
1134 540 1237 606 Missis
1260 532 1391 624 privatis

146 648 316 725 inserviro3
337 647 389 711 sed
409 648 533 725 omnino
556 644 757 713 interdictum
781 645 823 710 sit
847 646 1024 711 ministrare
1046 646 1083 710 ud
1109 646 1217 710 Altare
1239 645 1271 709 in
1295 646 1391 709 sacris

134 737 369 818 [functionibus
426 752 576 815 Poterant
606 750 820 815 tantummodo
853 748 967 813 eisdenr
1004 748 1212 815 functionibus
1243 750 1391 813 interesse

148 873 252 919 cereos
275 873 418 919 accensos
439 854 609 939 gestantes,
630 872 685 917 nuc
707 854 837 918 utantur
853 854 968 937 tapete,
990 852 1037 918 vel
1054 854 1183 918 cossino.
1210 852 1288 917 ltem
1306 852 1391 915 nefas

148 962 197 1024 est
222 958 379 1023 sodalibus
401 958 489 1023 laicis
512 956 617 1024 sedere
638 956 671 1021 iu
692 956 899 1041 Presbyterio,
923 958 954 1021 et
977 956 1074 1022 multo
1097 958 1198 1021 minus
1221 957 1317 1034 sedes,
1343 957 1390 1021 rel

148 1048 298 1128 subsellia
321 1062 469 1127 distincta
492 1080 546 1145 pro
565 1060 799 1144 Superioribus,
821 1062 1041 1145 cujuscumque
1063 1061 1196 1145 gradus,
1219 1062 1267 1126 vel
1289 1061 1392 1145 digni-

147 1163 858 1249 1011011011ῦί001100010100010111110100.
882 1166 936 1231 lib.
960 1167 985 1246 I,
1010 1176 1036 1233 t.
1062 1168 1162 1245 13,·n.
1190 1166 1262 1249 131.

256 1268 310 1334 XI.
351 1270 449 1333 Probe
478 1269 658 1353 intelligant
687 1268 876 1335 Sodalitates
905 1289 996 1334 usum
1019 1270 1112 1353 atque
1133 1269 1306 1334 custodiam
1330 1269 1389 1331 Eu-

148 1373 324 1452 clesiarum,
350 1373 396 1438 rel
412 1372 634 1453 maturiorum,
658 1373 714 1438 sub
738 1374 853 1437 Nostra
873 1375 978 1439 tumen
992 1372 1165 1457 vigilantia,
1190 1375 1222 1437 et
1237 1372 1392 1438 ordinaria

146 1477 374 1562 jurisdictione,
395 1496 457 1542 non
478 1495 547 1541 vero
570 1478 790 1561 proprietatem
803 1476 846 1541 'et
865 1477 1035 1541 dominium
1057 1496 1089 1543 su
1115 1478 1236 1542 babere.
1274 1477 1389 1559 Quam·

147 1583 255 1647 obrem
269 1581 396 1645 minime
412 1581 547 1645 audeant
563 1582 680 1647 eisdem
694 1581 852 1661 Ecclesiis,
876 1582 923 1646 vel
942 1580 1092 1648 Oratoriis
1109 1582 1225 1665 aliquid
1244 1581 1392 1645 immuta-

148 1686 245 1751 tionis
267 1686 376 1763 faoere‚
400 1684 559 1770 estquod
583 1684 670 1769 pejus
693 1688 751 1763 est,
775 1686 912 1769 aliquam
932 1688 1052 1769 partem
1073 1686 1243 1770 sejungere,
1268 1686 1304 1751 ut
1322 1686 1392 1749 usui

149 1790 278 1873 profano
308 1790 471 1868 inserviat,
504 1790 552 1854 101
583 1789 737 1874 aliquam,
769 1810 846 1873 quae
877 1789 1000 1873 juribus
1024 1790 1178 1857 Ecclesiae
1202 1790 1392 1867 adversatur,

151 1894 335 1959 seruitutem
354 1894 532 1976 importare.

255 1996 328 2063 Xll.
356 1997 473 2063 durent
490 1996 675 2074 Confrutres,
695 1996 873 2081 Superiores
889 1997 1079 2080 praesertim,
1097 1998 1217 2063 fructus
1233 1998 1392 2076 bonorum,

148 2101 183 2166 et
206 2102 365 2183 pecuniam
391 2100 689 2188 confraternitatum
710 2102 741 2165 in
762 2120 814 2167 eos
836 2102 959 2167 tautum
982 2120 1054 2167 usus
1075 2122 1093 2167 a
1111 2101 1318 2181 testatorum,
1343 2102 1392 2167 rel

148 2204 380 2288 quomodolibet
402 2205 641 2271 benefactorum
663 2206 832 2283 uoluntate,
855 2206 904 2271 rel
928 2206 1049 2291 ltugula
1066 2198 1224 2285 statutos,
1250 2206 1391 2291 religiose

149 2309 380 2393 diligenterque
402 2328 539 2403 erogare.
585 2310 696 2392 Itaque
717 2310 854 2375 habeant
877 2310 1037 2375 Tabellam
1060 2310 1237 2390 Missurum,
1260 2311 1393 2391 Legato-

148 2432 231 2491 rum,
250 2412 441 2495 aliorumque
464 2413 583 2495 piorum
606 2432 742 2491 onerum,
768 2432 786 2477 a
809 2412 979 2479 Secretario
1004 2414 1136 2481 Nostrae
1160 2413 1291 2481 Sanctae
1311 2414 1393 2479 Visi-

147 2516 280 2581 tationis
301 2516 576 2599 recognoscendum
599 2519 630 2581 et
653 2516 916 2595 subscribendam,
940 2518 973 2584 in
995 2516 1148 2598 Oratorio,
1173 2520 1220 2583 rel
1242 2517 1391 2585 Sacristia

148 2622 242 2685 naute
265 2619 516 2697 custodiendum
541 2640 594 2685 neo
615 2639 673 2685 non
694 2621 818 2698 librum,
843 2621 896 2685 nbi
919 2622 1055 2687 omnium
1076 2641 1202 2687 onerum
1218 2621 1390 2687 satisfactio

149 2723 298 2789 distinete
319 2724 526 2794 adnotabitur.
561 2724 724 2804 Similiter,
747 2726 894 2803 caveant,
922 2745 960 2791 ne
992 2728 1136 2810 sumptus
1167 2726 1311 2806 inutiles,
1345 2724 1393 2791 vel

147 2827 347 2911 profusiores,
372 2846 465 2910 quam
487 2847 543 2908 par
566 2831 623 2905 est,
644 2828 772 2906 faciant,
792 2829 838 2893 ita
858 2826 902 2894 tt
916 2829 1066 2895 sodalium
1091 2830 1305 2913 defunctorum
1327 2828 1392 2895 suf·

150 2931 255 3015 fragia
274 2930 465 3010 differantur,
488 2932 600 3014 piaque
622 2932 838 3011 testatorum,
867 2932 914 2998 101
942 2933 1173 2999 benefactorum
1197 2936 1320 3019 legata,
1345 2934 1393 2998 uel

151 3035 216 3099 alia
237 3052 331 3100 onera
349 3033 514 3119 aliquando
533 3036 749 3119 negligantur,
780 3039 812 3101 et
836 3037 1134 3119 praetermittantur,
1165 3040 1220 3103 ant
1247 3038 1278 3102 in
1308 3037 1392 3103 aliud

150 3157 229 3221 opus
244 3139 447 3205 invertantur.
478 3137 525 3204 Ob
547 3158 638 3221 quem
657 3139 761 3218 linem,
782 3140 822 3204 ad
838 3159 974 3211 normam
992 3140 1165 3207 Tridentini
1181 3140 1274 3227 (Sess.
1288 3142 1392 3219 XXII,

150 3243 190 3307 de
212 3242 386 3324 Reforrnat.
419 3262 444 3307 c.
466 3242 512 3327 9.)
544 3243 576 3307 et
606 3242 717 3307 Sacrae
747 3242 1003 3329 Congregationis
1035 3244 1164 3311 Concilii
1196 3245 1311 3311 decreti
1342 3245 1393 3329 (ln

150 3345 356 3429 Mediolanum
380 3345 410 3409 9.
433 3346 571 3430 Augusti
595 3347 708 3431 1569),
741 3348 882 3412 volumus
912 3349 948 3414 ut
973 3348 1053 3413 ratio
1077 3349 1195 3432 accepti
1218 3350 1249 3414 et
1272 3350 1393 3432 expensi

151 3450 185 3515 et
210 3448 432 3515 satisfactionis
454 3450 629 3534 legatorum
652 3452 788 3533 piorum,
812 3453 843 3517 ot
867 3452 1002 3517 omnium
1024 3470 1150 3517 onerum
1174 3442 1393 3537 cujuscumque

150 3554 284 3618 naturae
311 3552 391 3633 sint,
424 3555 456 3618 et
489 3554 699 3640 eleemosynae
734 3573 814 3639 quae
844 3574 879 3619 ex
910 3554 1067 3621 Montibus
1091 3556 1201 3622 erectis
1225 3556 1393 3641 colligitur,

150 3654 324 3723 Secretario
346 3655 479 3721 Sanctae
502 3658 698 3749 Visitationis
722 3659 887 3743 quotannis
908 3660 1065 3726 reddatur.
1221 3724 1223 3729 .

255 3759 346 3828 XIII.
384 3761 432 3825 Ad
456 3760 522 3826 Nos
544 3752 675 3827 tantum
689 3764 811 3846 spectat
834 3762 970 3829 ordinem
995 3765 1027 3829 et
1043 3752 1289 3848 praecedentiam
1306 3762 1392 3829 aSo·

151 3863 337 3929 dalitatibus
360 3864 522 3930 tainorum
546 3866 578 3930 in
601 3866 863 3949 processionibus,
900 3866 1030 3952 aliisque
1061 3868 1156 3933 sacris
1186 3860 1394 3933 functionibus

151 3962 336 4034 servandam
356 3958 528 4053 designare,
553 3971 584 4034 et
606 3969 687 4049 illas,
711 3989 790 4055 quae
813 3972 957 4053 poterunt
980 3972 1101 4050 exoriri,
1122 3972 1324 4057 quaestiones,
1345 3972 1393 4037 101

151 4073 375 4137 controversias
395 4070 548 4139 dirimere.
595 4074 630 4138 ln
660 4074 795 4158 exequiis
818 4094 888 4140 roro
917 4076 1108 4141 celebrandis
1130 4074 1256 4143 Sodales
1279 4095 1395 4159 magna

151 4194 223 4240 curn
243 4176 399 4259 gravitate
416 4196 453 4241 ac
469 4177 621 4243 modestia
644 4178 798 4261 incedant,
823 4199 986 4263 precesque
1004 4181 1158 4246 submissa
1174 4200 1246 4246 voce
1263 4179 1394 4245 fundant

151 4279 230 4366 (Bit.
256 4278 384 4345 Roman.
408 4280 583 4363 Exequiur.
606 4277 737 4369 ordo).v
844 4364 846 4369 Α

257 4383 341 4449 XIV.
382 4383 561 4451 Moderator
592 4383 762 4470 spiritualis
793 4385 898 4452 sedulo
929 4391 1015 4453 curet
1046 4384 1215 4453 executioni
1246 4388 1394 4453 mandare

149 4486 283 4573 quiquid
306 4487 422 4554 Nostra
444 4488 538 4554 Curia
561 4490 841 4574 Arcbiepiscopalis
861 4492 1092 4574 praescripserit
1115 4494 1178 4556 sire
1202 4491 1239 4555 de
1262 4490 1392 4574 tluppel-

1243 4594 1263 4657 8
1273 4594 1290 4633 ’lt

1385 4764 1403 4822 Α.
