3050 4859
2114 15 2122 24 .
2157 0 2394 54 --t-’fflt

2221 29 2229 38 D
2349 27 2390 52 τ.

2382 56 2554 82 -q'mu

2513 89 2524 98 .

245 130 331 195 48
664 147 1033 212 Nom-isson,
1077 146 1162 200 Dc
1193 150 1456 203 vicariis
1491 150 1952 217 capitularibus
1989 153 2060 204 in
2100 151 2330 207 Gallia.
2605 95 2678 138 ἦν

245 320 489 385 tantum
553 316 849 381 ricarium
918 335 1049 381 esse
1116 318 1509 402 eligendum3
1590 320 1901 385 caeterum
1969 340 2095 386 non
2162 340 2295 386 esse
2357 343 2425 387 co
2490 324 2741 391 decreto

248 425 557 485 subieram.
609 420 1101 485 {enecet-udinem
1148 420 1305 487 duos
1347 428 1455 487 aut
1489 422 1709 504 plures
1748 423 2017 506 eliyendi
2037 471 2052 501 ,
2091 428 2472 503 praesertim
2515 429 2741 492 imme-

248 529 665 589 m-eruie'iemss
765 525 960 605 Quam
1006 526 1377 589 sententiam
1422 526 1618 590 secuti
1659 531 1806 591 sunt
1847 525 2119 608 quidam,
2169 546 2385 611 nempe
2423 529 2736 609 Sbrozius,

248 633 521 705 {ieri-riae,
569 629 821 705 erse-ilina,
869 627 1028 710 apud
1071 628 1458 707 Leurenium‚
1505 629 1581 694 de
1629 630 1815 712 capit.
1866 630 2104 712 quaest.
2152 629 2298 695 547.

461 745 733 821 lienique
785 744 917 821 peet
959 740 1207 805 Bullam
1257 742 1382 823 Qui
1428 741 1667 807 Christi
1714 740 1996 822 Domini,
2058 762 2179 825 qua
2228 744 2374 807 Pius
2429 743 2561 810 VII.
2610 764 2731 808 an-

248 849 453 929 tiquae
501 849 557 905 iu
613 845 817 909 *jallia
857 844 1282 927 eupprimebat
1325 845 1636 911 dioeceses
1668 847 1729 910 et
1764 864 1952 910 novas
1998 845 2299 930 erigebat,
2347 850 2514 911 certo
2556 851 2737 913 vetus

248 949 621 1013 eeneueturle
685 949 888 1029 plures
947 948 1217 1032 eligendi
1274 948 1535 1014 vicarios
1597 948 2006 1032 capitulares,
2072 950 2257 1015 simul
2323 970 2394 1015 ac
2452 952 2736 1017 caeterae

248 1053 749 1129 ι’;.6ιι666666611666Ἰ
809 1052 1146 1117 tollebatur
1213 1052 1276 1117 et
1339 1051 1549 1117 Gallia
1611 1052 1688 1117 ad
1747 1053 1849 1136 jus
1915 1071 2235 1118 commune
2290 1054 2547 1119 reducta
2590 1056 2731 1120 fuit.

248 1161 665 1221 Nihilmnieue
733 1157 1021 1238 antiquus
1078 1174 1209 1220 mos
1258 1175 1294 1220 a
1353 1156 1635 1240 pluribus
1696 1156 2077 1221 dioecesibus
2133 1159 2411 1222 servatus
2474 1158 2599 1224 fuit
2661 1178 2735 1223 ac

248 1265 573 1345 paulatini,
641 1281 755 1325 nen
809 1260 1176 1325 reclamante
1222 1261 1564 1343 apostolica
1606 1260 1785 1337 sede,
1843 1261 1968 1325 fere
2013 1260 2319 1345 generalis
2366 1261 2568 1339 factus
2612 1264 2730 1329 est.

248 1369 392 1429 Tree
440 1369 677 1429 erilieet
721 1363 1013 1429 *tiilieiales
1057 1363 1431 1446 capitulares
1478 1364 1546 1427 in
1601 1364 2157 1429 archidioecesibus
2203 1366 2267 1429 et
2313 1365 2434 1429 duo
2480 1366 2728 1430 tantum

248 1473 308 1533 iu
356 1473 729 1533 ·.lieeeeeil;=ue
781 1469 1114 1552 eliguntur,
1162 1468 1308 1551 quia
1353 1470 1482 1533 tres
1522 1468 1739 1533 vicarii
1771 1467 2091 1551 generales
2123 1470 2199 1533 ab
2234 1468 2730 1552 Archiepiscopis

244 1581 308 1637 et
356 1577 473 1637 *tine
521 1577 765 1637 tautum
817 1573 890 1637 ab
937 1572 1255 1655 Episcopis
1301 1572 1597 1637 constitui
1660 1572 1861 1636 solent
1923 1572 2027 1656 qui
2087 1572 2467 1655 stipendium
2516 1591 2553 1637 a
2600 1572 2730 1637 Gu-

248 1681 457 1741 bernie
497 1677 825 1757 accipiunt.
894 1676 1183 1759 Nunqam
1216 1694 1359 1741 vero
1403 1676 1602 1759 maior
1646 1676 1983 1759 deputatur
2015 1694 2325 1755 numerus,
2367 1676 2529 1759 quod
2554 1677 2728 1755 tunc,

240 1785 416 1865 juata
465 1781 641 1845 {jau-il.
693 1780 976 1857 Geneset,
1025 1778 1152 1862 legi
1197 1779 1597 1845 Tridentinae
1643 1780 1889 1844 omnino
1934 1778 2384 1844 adversaretur.

453 1897 569 1957 Sei]
617 1893 898 1973 quaesitio
943 1891 1040 1955 est
1086 1909 1162 1955 an
1212 1908 1343 1956 mos
1386 1892 1507 1957 iste
1548 1892 1634 1957 sit
1672 1891 2046 1975 legitimus?

457 2005 861 2069 [leetieeiruue
907 2005 1228 2069 canonista
1272 2003 1492 2070 Gallus
1538 2007 1731 2070 Bouix
1771 2006 2191 2089 quaestionem
2223 2006 2381 2070 hanc
2418 2006 2555 2088 post
2588 2022 2737 2069 exa-

248 2113 645 2173 minatienem
697 2109 1056 2193 diligentem
1098 2126 1285 2174 ausus
1330 2127 1449 2172 non
1497 2110 1611 2173 est.
1704 2108 1993 2190 Plerique
2039 2107 2257 2173 'tamen
2306 2128 2380 2173 ex
2423 2108 2733 2173 recentio-

244 2217 412 2277 ribue
465 2217 789 2277 autument
841 2212 1180 2297 praefatam
1228 2212 1731 2277 consuetudinem
1770 2211 2000 2277 factam
2035 2230 2165 2277 esse
2198 2212 2550 2295 legitimam
2584 2230 2732 2275 cum

246 2317 685 2401 appi-ebetieue
729 2317 951 2381 ealtem
992 2316 1192 2381 tacita
1235 2316 1486 2381 sanctae
1533 2314 1715 2380 sedis.

453 2429 729 2493 Prinlum
785 2429 1030 2513 quidem
1070 2429 1552 2514 praescriptione
1598 2428 1682 2493 40
1729 2447 2027 2493 annorum
2074 2427 2253 2492 hodie
2293 2430 2461 2494 certo
2504 2428 2732 2493 induta

244 2537 356 2597 eet.
436 2533 585 2597 Dein
633 2537 861 2597 nullam
907 2532 1410 2598 reclamationem
1458 2532 1696 2615 proprie
1742 2532 1977 2598 dictam
2021 2550 2290 2615 unquam
2332 2533 2547 2597 contra
2585 2552 2726 2597 eam

244 2637 569 2701 eueeiterit
617 2637 925 2701 Hennaeus
970 2636 1257 2702 Pontifex
1297 2637 1403 2720 qui
1448 2655 1587 2702 eam
1628 2638 1840 2701 tamen
1886 2654 2007 2701 non
2050 2635 2398 2719 ignorabat.
2468 2637 2730 2719 Insuper

248 2741 400 2805 ratic
449 2745 673 2821 gravia,
725 2761 879 2821 quae
919 2742 1063 2804 ante
1109 2759 1400 2824 magnam
1447 2740 1977 2823 perturbationem
2015 2738 2408 2805 Gallicanam
2454 2740 2727 2804 nondum

244 2846 485 2921 etehat,
537 2845 609 2909 ed
657 2845 861 2925 pluree
907 2842 1224 2927 eligendos
1269 2844 1642 2927 capitulares
1681 2844 1964 2927 impulit,
2012 2843 2283 2921 scilicet,
2324 2862 2518 2909 novae
2558 2843 2731 2909 dice-

244 2969 408 3013 eeeee
457 2949 533 3013 ab
581 2969 737 3009 6666
793 2947 956 3013 1302
1002 2948 1242 3013 erectae
1296 2948 1609 3031 pauciores
1668 2950 1816 3012 sunt
1876 2966 2126 3013 numero
2172 2947 2237 3011 in
2283 2947 2492 3013 Gallia
2536 2966 2725 3030 quam

244 3057 424 3117 autea
473 3073 541 3113 ae
589 3053 725 3113 iden
773 3049 970 3115 multo
1015 3051 1456 3133 frequentiores
1501 3052 1565 3116 et
1617 3050 1819 3134 magis
1865 3052 2166 3115 extentae.

453 3165 737 3225 Tacitae]
809 3165 1016 3228 temen
1080 3163 1581 3245 approbationem
1643 3164 1973 3229 accessisse
2032 3182 2173 3227 cum
2234 3162 2542 3246 aliquibus
2601 3181 2724 3227 non

244 3285 565 3333 eeueernue
613 3269 673 3329 iu
721 3289 789 3329 ee
833 3266 992 3349 quod
1039 3268 1180 3332 acta
1225 3266 1494 3350 plurium
1540 3267 1936 3334 conciliorum
1977 3266 2484 3350 provincialium„
2513 3286 2725 3333 recens

248 3373 304 3437 in
356 3373 561 3434 Gallie
613 3373 1077 3449 celebratorum,
1125 3371 1189 3433 in
1233 3371 1456 3454 quibus
1500 3372 1735 3455 legitur
1772 3371 2375 3436 administrationem
2407 3370 2722 3448 dioecesis,

244 3477 388 3537 eede
436 3477 725 3549 vacante,
793 3493 906 3538 nen
947 3492 1052 3557 per
1092 3474 1470 3557 capitulum,
1528 3475 1636 3540 sed
1682 3494 1792 3559 per
1836 3494 2026 3541 unum
2070 3475 2166 3541 vel
2202 3474 2421 3557 plures
2465 3473 2725 3539 vicarios

244 3581 561 3661 generalee
609 3578 1003 3643 exera-:endam
1049 3596 1199 3657 esse,
1249 3579 1328 3644 ad
1375 3578 1740 3644 revisionem
1771 3578 1831 3644 S.
1866 3577 2378 3661 Congrcgationis
2422 3578 2722 3661 subjecta,

248 3705 364 3747 neu
412 3685 641 3745 fuerint
685 3683 957 3747 euri-ecta
1002 3684 1102 3748 vel
1145 3682 1500 3760 moderata3
1549 3702 1691 3747 uam
1736 3684 1952 3748 notum
1988 3682 2082 3746 est
2116 3680 2515 3746 »revisionem
2543 3681 2720 3746 illam

248 3789 501 3849 minime
567 3806 701 3849 euin
765 3789 886 3850 rim
947 3784 1172 3851 habere
1234 3788 1307 3851 ut
1360 3785 1789 3869 dispositiones
1848 3787 2065 3852 contra
2122 3785 2224 3868 jus
2282 3803 2601 3850 commune
2660 3788 2726 3850 et

244 3893 569 3973 praecipue
633 3897 845 3953 centra
911 3889 1339 3955 Tridentinum
1410 3890 1757 3956 Concilium
1826 3890 2224 3955 confirmatae
2286 3906 2357 3953 ac
2400 3889 2724 3953 roboratae

244 3997 609 4061 censeantur
637 3997 741 4069 lle
837 3992 1009 4074 Quod
1055 3993 1108 4057 si
1153 3992 1318 4058 enim
1372 3993 1619 4077 aliquod
1668 3993 1981 4059 decretum
2028 3991 2288 4058 Concilii
2333 3990 2725 4075 provincialis

248 4101 485 4161 nullum
537 4097 609 4161 de
657 4117 717 4161 66
769 4099 951 4176 teret,
1014 4096 1273 4178 validari
1323 4116 1444 4161 non
1499 4097 1709 4180 posset
1766 4096 1885 4163 nisi
1931 4114 2041 4179 per
2086 4095 2610 4161 confirmationem
2660 4096 2724 4160 in

244 4201 444 4265 ferme.
489 4201 769 4281 epeeifiee
817 4200 1041 4265 eummi
1089 4199 1426 4266 PontfficiS.
2085 4202 2090 4207 ’

453 4317 729 4377 Dieirune
777 4313 985 4377 autem
1044 4311 1545 4377 reclamationem
1607 4310 1848 4395 proprie
1910 4310 2143 4376 dictam
2209 4330 2245 4375 a
2305 4312 2522 4375 sancta
2580 4310 2724 4376 sede

248 4437 465 4445 —Eq-

457 4489 477 4537 1
489 4497 505 4551 J
545 4485 801 4537 ‘Plieurieu
833 4488 886 4539 et
916 4483 1096 4554 praxis
1132 4499 1246 4553 reg.
1282 4482 1509 4538 dioeces.
1539 4498 1573 4536 a
1602 4484 1737 4539 Jos.
1770 4483 2083 4548 Ferraria,
2118 4478 2216 4537 Nr.
2256 4480 2372 4536 122.
