3050 4859
193 190 306 247 aeona
325 190 408 244 xrrr.
428 148 552 259 aasz.
570 191 612 244 aa
630 191 790 258 piscopos
809 189 933 245 carruae
950 189 1018 244 aa.
1038 189 1062 244 s.
1083 189 1169 246 reor.
1190 189 1274 244 rese.
1314 169 1377 236 477

129 361 241 446 magis
263 381 355 446 quam
378 361 506 428 dissidia
527 361 709 447 fugiendum
731 361 850 444 putent,
877 379 1029 427 memores
1049 360 1146 426 diuini
1169 361 1263 441 verbi,
1288 381 1378 428 omne

128 486 267 552 reguum
290 467 324 532 in
346 467 480 550 seipsum
503 465 636 532 divisum
659 465 860 531 desolabitur.
906 464 1051 548 Quodsi,
1074 465 1253 532 concordiae
1276 466 1378 552 gratia

129 572 337 649 necessaest,
359 589 545 655 quemquam
564 569 603 634 de
622 587 680 636 sua
700 569 857 635 sonantia
878 568 1055 654 judicioque
1088 570 1251 651 desistere,
1281 571 1378 637 iaciat

130 695 196 740 noo
219 675 346 754 invitus,
369 677 492 758 sperata
513 673 652 740 utilitate
675 673 838 739 communi.
878 673 937 755 Qui
960 673 1121 740 scribendo
1144 673 1221 740 daut
1242 695 1376 764 operam,

130 797 323 865 magnopere
342 779 490 844 studeant
511 778 592 843 hauc
615 777 646 842 in
677 778 820 844 omnibus
851 779 942 866 rebus
976 778 1148 844 animorum
1183 777 1376 846 concordiam

130 902 334 961 conservare3
355 882 447 949 iidem
470 884 631 966 praeterea
652 882 734 966 quod
756 883 789 947 iu
812 901 973 948 commune
996 883 1118 967 expedit
1139 884 1260 964 malint,
1284 903 1376 968 quam

131 987 218 1072 quod
239 988 315 1053 sibi:
342 989 519 1054 communia
538 989 647 1071 coepta
670 987 833 1072 tueantur3
861 987 1041 1071 disciplinae
1064 1007 1187 1068 eorum,
1210 1007 1286 1074 quos
1307 987 1377 1072 Spi-

131 1093 217 1160 ritus
239 1092 497 1178 Sanctus-posuit
518 1093 682 1177 Episcopos
704 1113 811 1178 regere
838 1092 1007 1158 Ecclesiam
1030 1093 1104 1170 Dei,
1134 1092 1243 1159 libenti
1275 1093 1377 1158 animo

130 1199 273 1282 parcant,
296 1196 576 1282 auctoritatemque
598 1198 779 1276 pareantum
802 1217 857 1264 nec
876 1197 1046 1281 suscipiant
1068 1197 1232 1283 quiequam
1256 1198 1378 1282 praeter

132 1302 313 1368 eorumdem
333 1303 542 1383 voluntatem,
565 1321 655 1386 quos,
689 1302 811 1386 quando
829 1323 883 1386 pro
906 1301 1055 1388 religione
1078 1302 1260 1381 dimicatur,
1290 1299 1377 1387 sequi

132 1425 260 1473 necesse
282 1407 332 1472 cst
353 1407 513 1492 tamquam
537 1407 639 1472 duces.
666 1441 670 1469 l

240 1511 397 1596 Denique,
424 1512 505 1596 quod
528 1512 630 1578 lacere
649 1510 682 1576 in
704 1511 797 1578 rebus
820 1511 921 1578 dubiis
944 1531 1064 1596 semper
1087 1511 1225 1578 Ecclesia
1247 1529 1375 1577 consue-

133 1616 181 1682 vit
203 1615 334 1700 populus
356 1616 526 1696 universus,
552 1615 645 1681 Vobis
667 1616 855 1695 auctoribus,
879 1616 1038 1681 obsecrare
1053 1615 1261 1699 obtestarique
1277 1614 1376 1680 Deum

133 1719 278 1799 insistat,
300 1721 338 1786 ut
359 1720 505 1804 respiciat
526 1720 680 1798 Galliam,
702 1719 840 1804 iramque
864 1719 1074 1786 misericordia
1097 1720 1210 1785 vincat.
1256 1719 1291 1784 ln
1314 1719 1377 1784 ista

134 1823 221 1888 laudi
243 1824 455 1909 scribendique
477 1824 604 1889 licentia
627 1824 741 1909 pluries
765 1825 797 1889 et
820 1823 924 1888 divim
947 1823 1063 1890 violata
1087 1823 1250 1908 majestas,
1278 1843 1375 1907 neque

135 1928 247 1994 desunt
277 1928 330 2014 qui
364 1947 424 1994 non
458 1928 548 1994 modo
576 1927 725 1994 beneficia
757 1927 928 1994 Salvatoris
962 1928 1122 1994 bominum
1151 1927 1228 1993 Jesu
1258 1927 1376 1994 christi

133 2033 257 2117 ingrate
280 2032 452 2117 repudient,
476 2033 529 2098 sed
552 2034 647 2099 etiarn
670 2031 767 2117 impia
782 2033 989 2099 ostentatione
1004 2032 1217 2117 profiteantur,
1241 2031 1322 2098 nolle
1342 2052 1375 2097 se

135 2136 194 2202 Dei
216 2155 328 2202 numen
352 2153 525 2222 agnoscere.
561 2136 692 2202 Omnino
714 2136 882 2202 catholicos
906 2136 995 2202 decet
1015 2137 1096 2202 banc
1111 2137 1375 2222 sentiendiagen-

136 2241 229 2322 dique
250 2242 438 2326 pravitatem
461 2260 574 2326 magno
597 2240 668 2306 fidei
692 2241 878 2325 pietatisque
903 2227 1005 2306 studio
1033 2259 1243 2325 compensare,
1273 2241 1374 2325 publi-

134 2365 228 2429 ceque
250 2346 376 2425 testari,
407 2346 486 2411 nihil
513 2345 573 2411 sibi
596 2344 742 2419 essellei
765 2345 863 2430 gloria
886 2345 987 2428 prius,
1018 2343 1096 2408 nibil
1118 2346 1203 2409 avita
1225 2343 1374 2429 religione

134 2450 245 2516 carius.
290 2451 316 2514 Ii
340 2449 519 2533 praesertim
541 2451 594 2533 qui
617 2450 739 2534 alligati
762 2449 879 2515 arctius
904 2449 985 2530 Dec,
1013 2450 1096 2514 intra
1120 2450 1373 2515 monasteriorum

136 2554 271 2619 claustra
293 2554 428 2619 aetatem
451 2553 579 2639 degunt,
602 2555 735 2619 excitent
758 2573 839 2618 nunc
861 2572 927 2619 sese
950 2553 990 2619 ad
1006 2554 1169 2620 caritatem
1186 2553 1374 2638 generosius,

135 2659 167 2722 et
189 2655 326 2722 divinum
350 2657 515 2740 propitiare
536 2677 648 2723 numen
673 2657 784 2722 humili
808 2677 905 2742 prece,
925 2659 1030 2741 poenis
1050 2658 1242 2735 voluntariis,
1267 2657 1374 2742 suique

136 2762 293 2829 devotione
315 2760 511 2829 contendant
538 2761 597 2828 His
620 2762 792 2828 rationibus
812 2764 1004 2841 eventurum,
1024 2762 1088 2828 Dec
1103 2761 1287 2846 opitulante,
1303 2781 1375 2829 con-

135 2867 275 2944 fidimus,
304 2868 341 2932 ut
369 2866 422 2951 qui
449 2867 557 2934 suut
548 2887 580 2931 m
601 2887 702 2932 errore
726 2867 924 2950 resipiscant,
955 2887 1125 2952 nomenque
1156 2865 1311 2932 Gallicum
1334 2866 1374 2932 ad

132 2970 296 3070 genuinam
317 2971 570 3056 magnitudinem
595 2973 773 3039 revirescat

170 3137 171 3140 ,
236 3075 270 3139 ln
294 3075 343 3138 his
365 3074 516 3155 omnibus,
542 3095 620 3160 quae
635 3076 787 3142 hactenus
812 3075 955 3156 diximus,
977 3077 1139 3159 paternum
1156 3075 1294 3140 animum
1310 3075 1374 3141 Νο-

135 3179 241 3246 strum.
286 3178 486 3247 Venerabiles
507 3181 643 3261 Fratres,
668 3183 700 3247 et
723 3181 847 3260 ameria,
872 3201 931 3264 quo
947 3181 1121 3246 universam
1141 3179 1274 3246 Galliam
1291 3199 1374 3246 com·

136 3282 306 3366 plectimur,
329 3284 578 3368 magnitudinem
600 3267 818 3370 recognoscite.
860 3285 926 3351 Nec
946 3284 1126 3351 dubitamus
1149 3284 1222 3368 quin
1247 3285 1303 3350 boc
1325 3285 1373 3369 ip-

136 3407 200 3453 sum
223 3387 467 3455 studiosissimae
490 3389 664 3455 voluntatis·
681 3391 815 3456 Nostrae
837 3389 1049 3456 testimonium
1070 3389 1109 3454 ud
1133 3389 1372 3456 confirmandam

136 3491 367 3576 augendamque
395 3493 499 3558 valeat
529 3493 698 3558 salutarem
726 3493 817 3558 illam
843 3493 925 3559 inter
947 3491 1083 3558 Galliam
1106 3494 1137 3558 et
1162 3493 1371 3576 apostolicam

136 3594 242 3661 Sedena
262 3595 487 3679 conjunctionis
509 3597 782 3675 necessitudinem,
815 3597 897 3662 unde
925 3616 980 3662 nec
1007 3615 1123 3680 pauca,
1156 3617 1212 3662 nec
1238 3597 1319 3664 leuia
1341 3597 1373 3662 in

136 3719 323 3765 communem
346 3700 515 3766 utilitatem
538 3700 619 3776 bona
639 3703 721 3766 omui
741 3704 879 3785 tempore
895 3700 1033 3785 profecta
1049 3703 1130 3766 sunt.
1155 3701 1197 3766 llt
1212 3702 1270 3767 hac
1286 3702 1371 3786 cogi-

136 3803 249 3870 tatione
269 3804 354 3883 laeti,
377 3805 481 3883 Vobis,
503 3804 699 3871 Venerabiles
717 3806 853 3884 Fratres
875 3805 1053 3891 civibusque
1073 3806 1185 3872 vestris
1205 3805 1371 3872 maximam

136 3908 308 3974 caelestium
331 3927 492 3975 numerum
515 3909 635 3993 copiam
656 3909 876 3993 adprecamur:
899 3929 1028 3995 quorum
1051 3911 1206 3994 auspicem
1230 3911 1263 3976 et
1284 3929 1371 3994 prae·

136 4012 237 4095 cipuae
259 4013 489 4080 benevolentiae
511 4014 645 4080 Nostrae
663 4014 777 4080 testem
796 4015 889 4080 Vobis
909 4014 1129 4101 universaeque
1147 4013 1271 4082 Galliae
1287 4015 1369 4100 Apo·

137 4113 271 4180 stolicam
290 4116 535 4185 benedictionem
558 4119 752 4202 peramanter
774 4119 806 4184 in
832 4118 961 4186 Domim
983 4119 1188 4203 impertimus.

234 4220 350 4286 Datum
372 4221 487 4287 Romm
510 4222 590 4306 apud
613 4219 644 4288 S.
669 4223 797 4289 Petrum
816 4223 865 4289 die
887 4226 917 4291 8.
938 4223 1099 4290 Februarii
1122 4245 1149 4291 a.
1173 4225 1267 4305 1884,
1291 4225 1371 4290 Pon-

137 4323 269 4390 tificatus
291 4323 401 4391 Nostri
424 4325 513 4391 Anno
535 4326 637 4392 Serto.
719 4376 723 4383 ·

980 4433 1043 4500 Leo
1068 4433 1135 4500 PP.
1158 4433 1265 4500 XIII.
1366 4529 1368 4534 .
