3050 4859
290 210 380 267 Oard.
397 210 537 278 Arcbtep.
556 207 654 295 Coloe.
673 209 766 264 lustr.
783 222 843 277 pro
861 206 1217 264 Vtra-Arctatfliocoats.
1307 189 1372 256 289
1490 236 1496 249 ·

133 382 257 449 bilitate
285 382 386 447 nefors
412 381 671 459 destituerentur,
701 380 841 445 libellum
863 379 1030 462 supplicem
1054 378 1210 457 remittam
1239 378 1373 464 robquoe

133 488 166 553 in
188 506 284 552 unum
308 486 435 569 colliget
457 486 489 577 et
511 504 546 551 ex
569 485 632 551 illis
655 483 839 549 tabellarum
862 481 1126 567 consignationem
1148 482 1282 567 parabit.

237 590 266 675 ᾗ.
289 590 340 657 59.
375 590 434 655 Die
455 607 510 674 pro
529 589 677 656 electione
701 588 848 655 Ducentis
870 587 1004 671 praelixa
1025 586 1057 651 in
1080 586 1158 653 facie
1177 586 1236 652 loci
1250 606 1372 672 compa·

133 695 224 775 rabit,
248 696 426 761 cunctorum
450 693 690 778 competentium
713 709 854 759 recursus
878 693 910 759 et
931 692 1050 758 adnexa
1071 690 1251 757 testimonia
1269 709 1372 777 coram

132 799 213 877 illis,
237 799 289 883 qui
312 799 480 863 Docentem
501 798 617 882 eligere
641 797 677 864 de
696 796 767 882 jnre
790 797 891 863 uocati
914 797 1007 875 suut,
1030 795 1219 881 perlegenda
1241 795 1372 875 curabit,

133 904 275 986 omnique
299 902 424 968 meliore
447 902 537 967 modo
557 904 640 991 aget,
665 902 701 967 nt
723 920 739 967 e
762 900 991 968 recurrentibus
1012 899 1149 966 omnium
1171 899 1376 985 dignissimus

132 1010 164 1073 et
187 1007 366 1091 aptissimus
388 1008 419 1071 in
443 1006 610 1073 Docentem
635 1005 781 1089 eligatur.

235 1112 263 1197 ἓ.
291 1112 343 1178 60.
386 1111 432 1177 De
464 1110 616 1175 resultabo
643 1109 803 1175 electionis
837 1108 986 1175 Docentie
1017 1107 1132 1175 referet
1159 1106 1374 1175 Ordiuariatui

133 1215 225 1283 simul
249 1216 343 1281 etiam
367 1214 563 1309 Tabellarem
585 1214 809 1281 recurrentium
832 1212 1096 1298 consignationem
1125 1214 1159 1279 ct
1188 1212 1280 1280 electi
1312 1212 1374 1279 Do-

133 1320 231 1387 centis
253 1318 442 1385 recursualia
464 1320 544 1384 Acta
567 1318 775 1385 substernens.

236 1427 264 1505 ς.
288 1425 339 1489 61.
373 1423 542 1488 Docentem
575 1422 614 1487 ab
643 1421 844 1489 Ordinariatu
876 1420 1090 1487 confirmatum
1118 1422 1152 1487 ot
1179 1419 1373 1486 nominatum

133 1529 259 1611 excepta
282 1528 320 1593 ab
343 1527 449 1593 eodem
472 1526 594 1611 publice
614 1527 647 1591 in
670 1526 809 1593 lleclesia
823 1525 880 1591 sub
896 1524 988 1591 Sacro
1004 1524 1174 1607 parochiali
1190 1524 1374 1609 professione

132 1632 205 1697 fidei
225 1632 257 1700 in
280 1650 391 1697 munus
413 1650 502 1696 snum
527 1630 710 1710 introducet,
734 1631 767 1696 ct
787 1630 826 1695 cle
848 1648 882 1695 eo
905 1627 1118 1696 Ordinariatui
1141 1628 1264 1697 referet.

237 1736 265 1820 §-
289 1738 339 1803 62.
378 1734 507 1821 Singula
529 1738 608 1800 anno
630 1735 726 1800 semel
746 1736 883 1818 tempore
904 1733 1053 1799 feriarum
1075 1733 1304 1799 autumnalium
1324 1732 1376 1798 die

133 1840 309 1925 peripsum
334 1840 431 1905 delixa
455 1856 524 1905 cum
546 1838 794 1907 districtuelibns
818 1837 1006 1905 Docentibus
1029 1836 1241 1903 Conferentias
1258 1837 1328 1902 usui
1340 1837 1374 1902 in

135 1944 388 2012 Archi-Diocaesi
410 1944 530 2027 vigenti
551 1944 748 2023 conformiter
771 1941 959 2020 celebrabit,
974 1942 1226 2036 ,resultatnmqne
1248 1941 1373 2007 illarum

134 2068 204 2114 cum
228 2048 511 2115 elucubrationibus
534 2047 656 2132 scriptis
679 2046 890 2114 Ordinariatui
911 2046 1098 2113 substernet.
1261 2110 1264 2114 .

237 2153 265 2237 ἓ.
287 2154 338 2221 63.
371 2152 594 2219 Commercium
615 2152 804 2219 litterarium
826 2152 859 2217 in
880 2150 1010 2237 objectis
1036 2150 1231 2217 scholasticis
1258 2149 1374 2215 liberae

134 2258 240 2342 postue
263 2256 410 2323 beneficio
433 2275 507 2321 usus
529 2256 659 2323 fovebit

133 2431 316 2515 Appeouo.
345 2430 396 2497 De
409 2432 462 2511 ila,
486 2450 566 2512 quae
582 2450 642 2512 per
660 2427 1049 2497 Viae-Arcti-Diacooom
1062 2428 1164 2513 officio
1178 2426 1374 2496 Diocaesarea

535 2534 696 2616 periodica
713 2534 831 2617 ,referri
852 2534 969 2599 debeat.

237 2672 265 2756 ἓ.
290 2672 342 2738 64.
377 2671 479 2754 Quum
496 2654 855 2739 Vico-Archi-Diaoonus
877 2671 920 2737 sit
939 2671 1046 2735 oculus
1061 2669 1210 2749 Praelati,
1229 2669 1376 2753 quitatis

135 2777 167 2840 in
190 2776 329 2841 Dioecesi
352 2777 415 2842 viee
437 2776 574 2859 ejusdem
601 2776 705 2842 omnia
735 2770 839 2842 videre
869 2776 1115 2859 cleemporus,
1146 2774 1213 2840 uisa
1240 2792 1313 2840 uero
1342 2776 1376 2839 et

17 2941 20 2952 .
134 2882 291 2963 comperta
319 2880 358 2946 ad
384 2881 530 2947 notitiam
562 2880 699 2947 Praelati
723 2880 841 2946 deferre
863 2880 972 2958 debet,
1002 2880 1126 2964 praeter
1159 2878 1238 2944 alias
1269 2896 1375 2943 occur·

134 2984 250 3063 rentes,
283 2984 321 3050 de
354 2986 464 3069 quibus
498 2986 648 3051 hactenus
681 2986 814 3069 sparsim
847 2986 951 3050 actum
986 2985 1052 3065 cst,
1087 2983 1182 3049 etiam
1203 2982 1384 3066 periodicas:

133 3088 334 3171 praestandas
356 3090 451 3155 habet
472 3089 649 3155 relationes.
1229 3105 1232 3114 ·

236 3192 265 3277 ξ.
290 3193 340 3260 65.
374 3192 552 3259 Periodicae
574 3192 758 3269 relationes,
788 3211 865 3275 quas
885 3192 981 3257 certis
1004 3191 1161 3255 mensibus
1183 3208 1373 3275 perannum

135 3296 246 3367 Officio
270 3296 455 3363 Diocaesauo
476 3296 618 3362 exhibere
633 3298 765 3377 tenetur,
788 3296 972 3362 nominatim
986 3295 1140 3378 expositae
1155 3314 1192 3360 ac
1206 3295 1389 3378 impressae<

136 3401 289 3465 habentur
312 3406 378 3467 tum
401 3401 440 3466 ad
464 3402 579 3466 calcem
601 3400 823 3467 Schematismi
845 3400 1028 3480 dioecesani,
1052 3401 1119 3465 tum
1144 3399 1239 3464 etiam
1262 3399 1294 3463 in
1316 3398 1373 3463 Di·

134 3506 265 3571 rcctorio
286 3505 324 3569 ad
347 3505 470 3571 initium
494 3504 630 3588 cujusvis
650 3505 783 3582 mensis3
810 3504 867 3569 has
893 3504 992 3588 igitur
1013 3523 1030 3569 e
1052 3504 1184 3589 siugulis
1206 3502 1375 3569 Districtue
1491 3582 1495 3591 Ι

135 3611 183 3675 sni
204 3610 356 3694 parochiis
379 3610 438 3675 rite
462 3610 607 3675 collectas
634 3608 822 3692 praescripto
851 3611 988 3692 tempore
1015 3607 1181 3674 exhibebit.
1225 3607 1375 3673 Rationes

135 3734 205 3781 vero
227 3714 434 3781 Ecclesiarum
460 3714 628 3778 Districtus
658 3713 707 3777 sui
732 3732 787 3798 per
811 3713 942 3780 Cunctos
968 3712 1028 3779 sibi
1057 3712 1259 3777 transmissas
1290 3712 1375 3795 prius

134 3819 199 3903 ipse
223 3819 387 3903 diligenter
410 3818 599 3883 examinabit
622 3819 654 3882 ct
676 3820 805 3883 cunctas
828 3817 923 3883 simul
944 3836 1092 3883 unacum
1109 3816 1375 3882 obseruationibus

135 3924 199 3989 suis
221 3922 505 4011 Ordinatninsque
530 3922 620 3987 finem
643 3921 752 3987 Martii
775 3922 961 3989 substernet.
1031 3972 1033 3976 ,

164 4646 259 4693 Archiv
273 4645 313 4692 sair·
329 4644 518 4692 Klrebaurccbt.
532 4642 573 4691 Ll.
