3050 4859
402 204 421 220 ·
461 176 669 246 Dubia
705 207 748 244 s.
795 190 1028 244 Poerzit.
1070 189 1133 243 R.
1169 204 1348 257 prop.
1386 188 1638 260 ejusque
1677 202 1952 257 respons.
1993 190 2048 241 d.
2084 189 2179 241 10*
2223 191 2359 243 fiee.
2403 187 2571 243 Jssffll.
2672 171 2784 231 12?

291 364 375 427 ab
428 352 638 446 aliqua
682 360 1175 438 communitate,
1224 360 1319 424 vel
1362 360 1553 424 etiam
1597 379 1633 423 a
1677 358 2016 439 Gubernio,
2065 360 2118 425 si
2167 363 2267 443 qni
2319 363 2660 443 enaeipiunt
2708 363 2784 423 ab

289 465 672 532 adhaesione
717 466 1072 530 abstineant
1117 462 1426 529 Gubernio
1470 464 1713 528 intruso
1759 464 2133 543 exhibenda,
2175 467 2235 527 et
2279 463 2355 527 ab
2407 467 2571 527 enini
2620 467 2784 543 aeta,

289 571 404 653 qui
452 569 534 634 ad
577 570 735 634 illud
781 571 985 635 ratum
1036 567 1386 633 habendum
1435 554 1654 651 suapte
1700 568 1929 633 natura
1965 568 2327 651 dirigatur?

508 674 581 741 R.
677 673 1127 752 »Affirmative‚
1176 672 1412 737 semoto
1456 671 1770 749 scandalo,
1821 671 1874 735 si
1926 671 2109 750 adsit,
2162 675 2227 735 et
2271 671 2383 735 aab
2415 671 2784 735 eenditieni·

287 779 411 843 bus
454 778 519 841 iu
560 778 837 861 quaesito
881 777 1206 860 expositis3
1270 765 1632 859 praesertim
1679 794 1822 841 vero
1862 776 1979 839 sub
2028 775 2407 855 conditiene,
2459 779 2527 839 nt
2575 775 2636 839 in
2680 775 2788 839 de-

288 881 493 947 cendo
540 882 667 945 sint
710 881 956 946 omnino
997 880 1338 945 conformes
1385 878 1719 944 Doctrinae
1762 876 2183 945 Catholicae«

510 987 610 1049 12.
702 985 801 1048 An
858 986 1036 1067 juxta
1089 983 1400 1048 indultum
1444 983 1577 1066 jam
1625 1002 1663 1046 a
1707 981 1769 1048 S.
1820 982 2303 1048 Poenitentiaria
2351 983 2784 1047 trane-missurn

289 1089 911 1154 administratoribus
957 1088 1558 1154 Locorum-Piorum
1599 1087 1693 1151 ab
1742 1086 2022 1153 invasore
2085 1088 2399 1153 Gubemie
2463 1091 2788 1171 eeenpatn-

289 1214 439 1259 rum
484 1192 719 1278 possint
760 1194 837 1257 ab
882 1191 1225 1257 Ordinariis
1269 1190 1593 1256 habilitati
1639 1208 1757 1255 non
1824 1190 2001 1256 modo
2053 1191 2129 1255 ad
2183 1191 2780 1259 administrationem

295 1285 816 1383 prosequendam,
860 1297 967 1362 sed
1014 1298 1078 1362 et
1124 1295 1201 1360 ad
1247 1294 1700 1378 suscipiendam
1742 1295 1823 1374 ii,
1873 1296 1978 1378 qui
2019 1296 2096 1360 ab
2141 1295 2479 1379 illegitima
2515 1299 2784 1363 ane-teri-

294 1401 436 1468 tate
483 1400 680 1467 denuo
725 1402 1151 1485 eligerentur?
1251 1430 1258 1437 -
1846 1429 1853 1433 .

508 1507 581 1574 R.
679 1503 777 1573 ›S.
827 1505 1315 1571 Poenitentiaria
1359 1504 1435 1569 de
1465 1504 1722 1589 speciali
1750 1504 1813 1569 et
1846 1522 2126 1587 expressa
2161 1503 2519 1587 apaeteliea
2551 1507 2784 1571 eru-ete·

289 1610 489 1675 ritate
534 1610 818 1675 omnibus
860 1610 925 1674 et
968 1608 1231 1694 singulis
1284 1609 1559 1675 locorum
1619 1608 2000 1687 ordinariis,
2058 1627 2315 1692 quorun]
2371 1611 2686 1675 territoria
2752 1631 2784 1675 a

294 1713 613 1789 Gubernio
652 1714 937 1791 invasore,
976 1715 1275 1797 occupata
1316 1713 1588 1792 fuerunt,-
1629 1712 1706 1777 ad
1752 1732 1854 1778 sex
1899 1728 2141 1778 menses
2187 1711 2543 1779 duratur-ain
2591 1715 2780 1779 faeni-

292 1820 499 1883 tatem
545 1817 826 1884 concedit
873 1818 1169 1900 praefatis
1215 1818 1524 1901 personis,
1575 1819 1649 1881 ut
1683 1816 1956 1881 officium
2004 1816 2555 1895 administratoris,
2603 1819 2780 1883 duni-

293 1922 478 1987 modo
524 1921 737 1987 exinde
778 1940 900 1986 non
936 1922 1287 2006 requiratur
1348 1920 1642 1988 adhaesio
1704 1919 2014 1985 Gubernio
2073 1921 2375 1999 invaseri,
2439 1923 2551 1987 aut
2603 1923 2780 2007 jnra-

292 2028 578 2092 mentum
623 2026 949 2091 fidelitatis
992 2026 1169 2109 juxta
1214 2026 1480 2091 formam
1529 2026 1607 2090 ab
1655 2024 1867 2091 eodem
1915 2023 2223 2091 Gubernie
2271 2027 2672 2107 prepeaitatn,
2720 2031 2784 2091 et

296 2131 382 2196 ad
428 2128 749 2208 effectum,
815 2132 877 2195 et
922 2129 1037 2194 sub
1083 2130 1432 2195 conditione
1479 2129 1736 2195 curandi
1779 2129 2118 2194 utilitatem
2167 2131 2463 2195 Leeernni
2511 2131 2780 2208 Fiet-nm,

294 2236 364 2299 et
410 2231 763 2301 abstinendi
809 2235 1054 2299 omnino
1100 2235 1176 2299 ab
1226 2234 1603 2300 alienatione
1657 2234 1985 2312 bonorum,
2046 2222 2113 2298 et
2167 2255 2307 2299 enm
2375 2235 2784 2316 dependentia

294 2338 377 2402 ab
423 2338 753 2421 Episcopo,
799 2356 906 2402 seu
952 2337 1030 2403 ab
1078 2338 1403 2405 Ordinatio
1447 2338 1598 2417 loci,
1646 2337 1746 2402 cui
1791 2336 2090 2402 rationem
2137 2339 2391 2403 reddere
2435 2343 2780 2419 teneantur,

292 2442 599 2521 retinere,
658 2444 722 2507 et
781 2442 856 2508 de
915 2461 1071 2509 novo
1118 2461 1431 2508 assumere
1478 2445 1542 2508 et
1588 2460 1864 2507 exercere
1909 2441 2080 2506 licite
2118 2443 2375 2507 valeant
2423 2443 2784 2523 repeat-aliea-

294 2563 580 2627 expressa
634 2545 1021 2610 Auctoritate
1077 2543 1463 2629 indulgendi.
1556 2547 1746 2611 Porro
1807 2545 2066 2628 quisque
2118 2547 2359 2611 curabit
2415 2547 2780 2611 seandalnrn

296 2667 647 2727 removere,
704 2650 883 2715 caute
928 2648 1382 2714 manifestando
1426 2666 1491 2715 se
1538 2649 1601 2714 id
1649 2667 1941 2733 peragere
1988 2648 2062 2714 de
2106 2649 2359 2715 lieentia
2403 2651 2780 2731 Apeateliea,

294 2752 582 2836 Episcopi
630 2772 772 2819 vero
820 2757 883 2819 et
914 2752 1229 2819 Ordinarii
1260 2753 1327 2819 in
1358 2754 1897 2820 administratione
1930 2755 2223 2821 Locorum
2259 2755 2503 2819 Fiet-uin
2543 2755 2780 2839 passive

296 2876 365 2922 se
419 2857 720 2936 habeant,
786 2860 1150 2944 nullumque
1218 2860 1521 2944 positivae
1589 2860 2016 2925 conniventiae
2083 2867 2519 2943 argumentum
2583 2863 2780 2943 qnead

292 2960 675 3027 Gubernium
728 2962 1078 3042 exhibeant,
1122 2965 1187 3029 et
1233 2964 1431 3029 eidem
1473 2964 1819 3043 dumtaxat,
1869 2965 1919 3028 si
1969 2965 2199 3031 fuerint
2247 2967 2636 3047 interrogati,
2684 2983 2780 3027 re-

298 3065 704 3148 spondeant«
865 3079 869 3083 ’
1918 3064 1927 3072 ’
1996 3082 2012 3094 ’
2115 3068 2162 3099 ³·

510 3170 609 3234 13.
672 3173 771 3235 An
817 3170 1068 3237 retineri
1108 3173 1173 3237 et
1218 3171 1449 3256 suscipi
1492 3172 1735 3255 possint
1779 3173 1895 3237 sub
1925 3172 2162 3237 intruso
2191 3171 2503 3239 {inber-nie
2535 3171 2784 3235 effieia?

507 3274 582 3340 R.
677 3274 1062 3340 »Dummodo
1104 3293 1221 3339 non
1268 3277 1492 3357 agatur
1532 3275 1607 3341 de
1657 3275 1894 3354 officiis,
1944 3294 2100 3359 quae
2145 3275 2375 3339 direete
2419 3279 2483 3339 et
2511 3275 2780 3359 prexime

296 3376 569 3442 influunt
605 3378 673 3441 in
716 3378 999 3461 spolium,
1051 3378 1145 3443 vel
1190 3379 1253 3442 in
1301 3378 1578 3461 ejusdem
1611 3379 1792 3463 spolii
1829 3382 2375 3459 manutentienetn,
2427 3383 2487 3443 et
2519 3383 2780 3443 eaereeri

297 3483 539 3565 possint
580 3482 809 3567 absque
854 3482 1125 3565 periculo
1177 3482 1465 3548 laesionis
1518 3484 1753 3567 Legum
1804 3483 2162 3549 Divinarum
2211 3487 2275 3550 et
2323 3483 2784 3547 Eeeleeiaetieaffi

298 3605 459 3664 rum,
505 3604 684 3669 posse
723 3586 1012 3664 tolerari3
1057 3587 1121 3650 in
1163 3586 1334 3670 praxi
1383 3606 1521 3651 vero
1569 3587 1835 3670 quilibet
1881 3605 1951 3653 ex
1997 3587 2183 3651 dictis
2227 3587 2624 3663 efflantibus,
2676 3591 2784 3651 ant

297 3691 577 3772 personis
623 3690 892 3756 Ditionis
940 3689 1321 3770 pontificiae,
1368 3691 1470 3773 qui
1518 3692 1772 3774 paratus
1821 3692 1905 3757 sit
1951 3692 2119 3756 stare
2156 3691 2467 3755 mandatis
2503 3691 2559 3755 S.
2591 3691 2780 3771 Sedis,

299 3795 485 3859 caute
531 3795 873 3873 moneatur,
924 3795 994 3859 ut
1034 3794 1316 3860 consulat
1361 3794 1729 3879 Episcopum
1776 3814 1883 3860 seu
1931 3794 2052 3861 loci
2094 3794 2527 3875 ordinarium,
2575 3795 2680 3879 qni
2720 3795 2784 3859 in

298 3896 570 3983 singulis
610 3895 853 3964 casibus
900 3897 1188 3963 decernet
1226 3897 1405 3980 juxta
1451 3901 1722 3965 mentem
1766 3898 1944 3965 SSmi
1993 3899 2295 3964 Dominis

514 4002 612 4067 14.
704 4001 800 4067 An
860 4002 1048 4067 liccat
1100 4002 1523 4086 juramentum
1589 4003 1664 4067 ab
1727 4002 1966 4068 intruso
2028 4002 2339 4069 Gubernie
2399 4007 2776 4087 prepeaitnrn

300 4106 471 4172 hisce
518 4106 616 4172 vel
669 4106 980 4172 similibus
1033 4106 1264 4186 verbiS,
1329 4106 1554 4190 quibus
1612 4107 1939 4173 illimitata
1988 4108 2335 4175 obedientia
2399 4111 2780 4175 eentinetnr:

299 4209 469 4277 Jaro
508 4209 873 4294 fidelitatem
915 4216 973 4277 et
1014 4211 1421 4277 obedientiam
1466 4212 1549 4276 N.
1600 4212 1683 4277 N.
1738 4213 1973 4278 Italiae
2016 4216 2167 4297 reyi,
2231 4215 2483 4295 &aseae
2543 4235 2776 4279 enneae-

294 4314 567 4381 soribus.
655 4315 825 4382 Juro
868 4336 966 4381 me
1008 4314 1351 4394 Statatum,
1397 4336 1757 4398 omnemque
1797 4315 1994 4383 aliam
2038 4323 2239 4383 statas
2279 4319 2467 4399 tapam
2511 4339 2636 4395 pre
2684 4319 2780 4383 ia-

297 4418 652 4500 separabili
696 4426 755 4485 et
795 4420 962 4503 reyis
1005 4426 1062 4486 et
1094 4421 1353 4502 patriae
1398 4419 1647 4486 Italiae.
1669 4419 1822 4487 bono
1866 4420 2383 4487 observaturam?

510 4522 583 4591 R.
682 4522 1190 4604 duramentum,
1234 4526 1415 4607 prout
1458 4524 1777 4608 exponitur
1823 4543 1941 4590 non
1987 4524 2199 4599 licere:
2267 4523 2519 4591 tolerari
2575 4527 2780 4587 antem
