3050 4859
314 178 326 262 j
365 180 393 237 s.
414 182 523 254 coep.
547 182 635 237 cono.
654 182 701 237 es.
720 182 802 252 mae
820 182 910 237 rese.-
930 182 1024 237 rara.
1044 184 1197 238 caeremon.
1335 164 1395 230 331

261 352 320 417 His
351 352 468 419 habitis
497 353 527 421 S.
558 352 708 437 Congreg.
738 353 897 437 rescripsit
931 354 1108 437 >Episcopo
1138 356 1195 437 pai
1224 356 1337 420 oaoliat
1364 356 1399 420 ia

154 458 284 539 scriptis
307 456 433 523 aceram
456 459 617 524 Ecclesiae
645 458 702 523 sab
727 460 821 525 tilulo
842 446 1117 524 Aaaaaciatioais
1131 479 1228 541 seper
1249 460 1401 541 quaesitis

156 584 179 627 a
194 562 335 643 parocho
351 555 553 645 propositis«
601 561 752 628 Omnibus
775 563 904 646 expletis
928 582 1022 627 causa
1044 564 1202 646 preposita
1223 564 1284 627 luii
1306 582 1399 647 gene-

156 665 275 731 ralibus
299 667 432 731 comitiis
455 666 570 731 habitis
593 666 641 731 die
665 668 694 731 2.
719 667 807 733 lunii
833 668 915 732 1883
936 668 993 732 sub
1016 666 1129 734 dubiis.

725 805 836 873 Dubia

261 926 286 991 Ι.
321 928 377 994 Aa
399 928 548 994 Rectoria
570 928 731 994 Ecclesiae
746 927 779 997 S.
795 929 970 1011 Aapasliai
980 929 1135 1010 perliacai
1153 927 1197 993 ad
1211 926 1398 1005 Porcellum,

157 1032 205 1095 iic
226 1038 260 1096 al
284 1032 382 1099 901190(
412 1038 562 1113 competat
549 1032 782 1098 ltoblaioaam
818 1032 1022 1098 adminislral
1010 1032 1052 1099 lio
1080 1038 1109 1097 ei
1135 1025 1401 1116 elcemospauram

158 1135 276 1201 collect
251 1142 294 1201 too
318 1138 354 1201 ia
377 1158 460 1209 oasa.

164 1276 165 1279 =
263 1240 393 1306 11.Αο
416 1240 526 1305 Oleras
547 1241 650 1307 ualeat
638 1243 707 1307 tiu
726 1241 891 1322 praedicta
914 1239 1059 1305 Ecclesia
1079 1200 1233 1323 perapcre
1264 1239 1400 1323 fauctio-

158 1348 258 1422 acs‚l
246 1344 362 1421 lriolaa,
385 1344 584 1410 aoocadiales
604 1344 857 1425 supplicationes,
878 1346 1096 1427 coccionespae
1115 1344 1228 1409 labae
1249 1349 1284 1409 al
1297 1349 1400 1421 antea,

159 1452 188 1511 ct
175 1447 365 1513 tcelcbrare
387 1450 528 1515 Missam
547 1449 650 1529 feriae
672 1448 739 1515 V.
726 1470 765 1515 aa
787 1447 889 1515 Ooeua
910 1448 1060 1526 Domini,
1089 1449 1267 1514 benedicere
1284 1449 1401 1531 fontem

144 1551 375 1633 xbaptismalem
396 1553 430 1617 ac
453 1552 587 1619 Sabbata
608 1558 715 1619 saaclo
735 1553 771 1617 ia
792 1573 878 1619 casa.

195 1714 199 1719 .
263 1655 322 1725 Ill.
355 1658 408 1723 Aa
433 1658 477 1721 acl
503 1655 631 1721 Olerara
659 1656 705 1723 ael
734 1656 914 1723 Paraclaao
929 1651 1089 1739 pertineat
1110 1658 1281 1724 asscraalio
1304 1656 1402 1722 claor's

159 1759 370 1827 Taberuaoali
398 1767 426 1826 ol
459 1760 695 1829 administratio
727 1760 785 1828 SS.
809 1760 1055 1837 Eaclcarislioe‚
1089 1766 1118 1826 cl
1142 1762 1198 1843 jas
1229 1760 1403 1843 faaeraudi
1442 1763 1446 1769 '

159 1886 196 1929 aa
218 1884 303 1931 cosa.

265 1968 317 2035 [V.
348 1970 403 2035 Aa
424 1976 559 2051 tempore
580 1971 705 2035 Missae
724 1970 922 2051 parochialis
937 1970 984 2035 cel
998 1976 1071 2037 aule
1084 1971 1206 2051 possial
1221 1967 1403 2036 Sacerdotes

160 2072 301 2137 Missam
324 2074 488 2139 celebrare.

229 2210 230 2217 .
264 2176 302 2241 V.
337 2177 392 2246 Aa
407 2180 511 2259 possit
533 2176 645 2251 Cleuas
667 2177 843 2246 sacristiae
863 2198 956 2243 asam
978 2177 1127 2256 relinere,
1158 2182 1187 2241 et
1212 2178 1313 2242 aliam
1336 2177 1402 2242 Pa-

159 2280 251 2347 rocla
274 2282 437 2364 assipaore
457 2284 494 2348 ia
516 2304 601 2351 casu.

263 2386 434 2451 Resolalio.
456 2422 500 2433 —
522 2386 572 2449 Ad
597 2386 621 2453 1.
653 2386 851 2454 affirmative
873 2388 906 2451 in
936 2387 1081 2451 omnibus
1108 2388 1242 2468 exceptis
1272 2387 1403 2451 eleemo-

160 2489 245 2573 synis
267 2491 299 2555 et
321 2489 538 2567 oblationibus,
562 2510 639 2571 quae
663 2490 781 2555 directe
802 2493 835 2556 et
857 2490 1040 2555 nominatim
1064 2488 1152 2554 Olero
1175 2489 1353 2555 afferuntur.

196 2584 197 2587 '
265 2592 314 2658 Ad
338 2592 378 2659 ll.
403 2594 598 2665 Affirmatire
622 2594 736 2677 absque
757 2596 865 2661 tamen
887 2594 1078 2659 functionum
1096 2594 1320 2678 parochialium
1334 2611 1403 2675 per·

160 2696 338 2761 turbatione
361 2698 393 2763 ct
415 2701 542 2779 excepta
565 2697 771 2763 celebratione
794 2699 911 2763 Missae
934 2698 1029 2765 feriae
1046 2699 1082 2766 V.
1102 2699 1133 2764 ia
1150 2697 1251 2766 Coena
1269 2696 1403 2774 Domini,

162 2802 194 2865 ct
215 2801 424 2869 benedictione
446 2802 541 2867 lentis
563 2802 759 2885 baptismalis
779 2804 813 2868 in
833 2803 970 2869 Sabbata
990 2802 1116 2869 Sancto.

215 2904 314 2971 Α(1
338 2905 396 2971 III.
430 2905 589 2973 Pertinere
612 2906 652 2971 ad
673 2908 859 2991 parociam,
890 2907 943 2990 qui
966 2910 1069 2971 tamen
1092 2907 1237 2971 teneatur
1259 2904 1404 2988 praebere

162 3008 249 3075 Olera
271 3009 465 3077 tabernaculi
488 3011 604 3075 clavem
625 3030 681 3093 pro
700 3010 911 3080 functionibus
926 3010 994 3134 lieri
1014 3010 1096 3076 00111Ι
1088 3030 1114 3074 rs
1130 3029 1201 3075 cum
1217 3007 1404 3091 expositione

162 3111 250 3181 ssmi
270 3112 473 3187 Sacramenti,

265 3217 315 3282 Ad
338 3218 393 3286 IV.
429 3218 577 3302 Tempore
601 3220 733 3285 Missae
723 3218 940 3308 parochialis
950 3218 1104 3301 negative,
1126 3216 1159 3281 in
1181 3214 1308 3299 reliquis
1331 3234 1402 3297 pro-

163 3322 268 3388 videat
292 3322 467 3406 Episcopus.

126 3462 134 3473 =
266 3427 315 3494 Ad
337 3426 375 3493 V.
410 3426 516 3508 Quoad
539 3446 629 3492 usum
651 3426 880 3507 affirmative,
871 3447 903 3491 m
925 3424 1053 3513 reliquis
1076 3426 1170 3511 negat
1172 3426 1228 3491 ive.

334 3559 343 3573 ⁹
444 3588 474 3649 4.
511 3580 618 3648 Causa
639 3582 843 3649 Melioctaaa.
868 3582 996 3648 librae
1017 3583 1129 3648 testim
1164 3616 1168 3624 ,

266 3705 398 3788 Quidam
422 3704 551 3770 clericus
573 3703 757 3770 Laurentius
781 3702 812 3769 S.
836 3704 979 3769 subditus
1002 3703 1122 3768 ratione
1143 3701 1273 3787 originis
1295 3702 1329 3765 et
1350 3700 1404 3765 do-

164 3810 272 3875 micilii
295 3810 456 3876 Ordinario
479 3810 616 3874 Meliten.
642 3813 673 3875 et
698 3810 736 3873 ab
760 3808 865 3873 eodem
888 3807 927 3873 ad
951 3807 1084 3873 minores
1099 3807 1220 3873 ordines
1236 3804 1404 3887 promotus,

164 3914 487 3998 consequutislitteris
507 3914 635 3979 900119
658 3898 814 3979 Ordinarii
837 3912 983 3998 Originis,
1006 3912 1117 3995 quibus
1141 3909 1357 3975 declarabatur
1372 3926 1405 3972 se

165 4020 250 4085 nullo
271 4019 490 4103 impedimento
513 4018 644 4097 irretiri,
678 4019 709 4084 et
738 4018 865 4083 obtento
895 4016 933 4083 (19
959 4016 1046 4083 bonis
1070 4015 1205 4081 moribus
1228 4032 1247 4077 a
1268 4012 1405 4076 Paraoho

166 4123 351 4202 testimonio,
375 4121 538 4187 dioecesim
560 4122 797 4189 Oaudisiensem
821 4121 914 4204 petiit
937 4121 968 4186 iu
984 4140 1046 4204 qua
1064 4118 1246 4185 beneficium
1266 4115 1405 4199 posside-

166 4229 228 4293 nac.
274 4226 391 4291 Paucos
413 4228 482 4313 posi
502 4226 566 4292 dies
590 4228 771 4293 Ordinarius
795 4223 1018 4303 Gaudisien'sis,
1046 4222 1220 4289 inconsulto
1243 4220 1405 4285 Ordinario

165 4330 317 4417 Originis,
347 4331 386 4395 ad
421 4350 541 4396 sacrum
577 4331 778 4397 subdiaconat
765 4334 828 4395 tus
844 4330 981 4395 ordinem
1008 4326 1162 4411 promovit
1192 4325 1403 4403 Laurentium,

165 4456 255 4520 quem
286 4434 454 4519 Episcopus
484 4434 621 4552 Originis
647 4453 666 4499 a
688 4434 768 4500 sacri
794 4433 910 4552 ordinis
939 4432 1133 4515 susceptione
1163 4449 1222 4496 non
1252 4448 1313 4496 uua
1340 4429 1405 4494 vico

165 4540 336 4606 removerat
355 4538 451 4624 justis
475 4538 511 4604 de
535 4538 646 4605 causis.
