3050 4859
2192 17 2202 27 .
2250 0 2423 25 tter-mh

242 129 367 194 136
500 146 723 214 Syn-od.
763 147 1017 202 dioeces.
1056 145 1367 215 Neapolit.
1407 161 1461 197 a.
1500 143 1682 197 1882.-
1724 144 1998 212 Append.
2038 144 2464 204 declamentor.

241 339 277 385 a
318 318 511 386 Paulo
553 336 661 402 pro
710 317 1085 402 pauperibus
1143 315 1539 394 verecundis,
1605 314 1772 398 Opus
1833 334 1942 399 pro
2005 314 2394 379 mutuatione
2449 314 2736 398 gratuita

240 424 455 488 contra
499 441 750 500 usuraS‚
798 442 907 506 pro
950 421 1247 497 infirmis,
1301 421 1406 503 qui
1444 419 1508 483 in
1557 419 1816 503 propriis
1861 419 2192 485 domiciliis
2239 420 2569 497 curantur,
2622 438 2733 502 pro

241 527 445 612 pueris
489 526 800 610 orphaniS,
849 528 914 591 et
959 524 1290 602 derelictiS,
1338 527 1456 589 etc.

452 631 552 697 12.
617 630 934 714 Quomodo
986 630 1299 695 Parochus
1337 648 1404 693 se
1446 627 1746 693 adhibeat
1807 627 1886 692 ad
1932 627 2388 711 cognoscendas
2453 627 2735 711 proprias

241 753 401 814 oveS,
432 724 523 800 'ut
567 725 669 801 eas
715 733 909 818 possit
955 732 1323 798 nominatim
1370 751 1607 810 vocare,
1656 731 1830 797 etad
1865 731 2350 813 dignoscendum
2385 750 2734 808 numerum,

243 838 631 923 qualitatem,
682 857 755 903 ac
800 856 997 902 mores
1042 837 1236 902 totius
1282 835 1491 919 populi
1536 854 1684 901 suae
1731 854 1912 901 curae
1959 835 2314 901 concrediti.

454 942 555 1008 13.
622 942 794 1007 Num
845 942 910 1006 in
976 940 1264 1008 districtu
1331 939 1659 1005 Paroeciae
1724 939 1932 1003 adsint
1991 939 2263 1016 scholae,
2330 958 2440 1004 seu
2499 939 2734 1022 templa

248 1044 628 1121 acatholica3
677 1065 774 1123 an,
822 1046 885 1110 et
931 1063 968 1109 a
1011 1045 1236 1129 quibus
1277 1044 1783 1127 f1·equententur;
1832 1045 1895 1109 et
1925 1061 2075 1107 num
2109 1043 2358 1128 aliquod
2390 1043 2730 1107 remedium

248 1150 527 1216 adhiberi
575 1148 785 1232 possit.
2576 1222 2580 1226 Α

459 1254 557 1316 14.
605 1251 795 1318 Index
827 1253 1152 1319 accuratus
1184 1252 1545 1316 exhibeatur
1576 1252 1850 1316 omnium
1876 1250 2261 1326 Scholarum,
2294 1250 2734 1335 Collegiorum,

252 1378 357 1423 seu
403 1356 829 1435 convictuum,
880 1356 1264 1439 aliorumque
1310 1355 1586 1421 locorum
1618 1346 2372 1439 cujuscumque'nominis,
2416 1356 2479 1419 in
2509 1355 2734 1438 quibus

251 1460 439 1543 pueri,
468 1460 907 1539 adolescentes,
933 1462 996 1525 et
1017 1460 1272 1543 juvenes
1298 1459 1618 1542 utriusque
1645 1477 1821 1524 sexus
1848 1459 2209 1534 educantur,
2242 1479 2313 1524 ac
2343 1459 2737 1524 instruuntur

252 1567 376 1631 :live
420 1564 481 1628 in
526 1564 776 1643 litteris,
824 1565 952 1630 sive
992 1564 1056 1628 in
1103 1563 1276 1629 bonis
1306 1563 1584 1643 -artibuS‚
1634 1582 1754 1628 non
1796 1563 2058 1628 exclusis
2103 1563 2330 1628 scholis
2376 1563 2732 1645 Municipa-

252 1658 411 1735 libus
457 1668 729 1747 diurniS,
785 1668 883 1733 vel
931 1667 1269 1735 nocturnis,
1361 1667 1755 1732 Adnotentur
1801 1668 2051 1733 nomina
2099 1666 2522 1745 Directorum,
2571 1668 2738 1732 ludi-

252 1774 731 1857 magistrorum,
779 1774 841 1836 et
885 1772 1104 1837 saltem
1151 1791 1441 1837 numerus
1490 1774 1554 1836 et
1599 1772 1868 1837 conditio
1911 1773 2333 1847 alumnorum3
2403 1771 2737 1855 adjiciatur

252 1899 324 1939 an
372 1877 681 1941 catholica
721 1876 1062 1941 catechesis
1108 1875 1261 1940 inibi
1301 1875 1607 1954 tradatur,
1657 1895 1693 1940 a
1739 1893 2023 1958 quonam,
2073 1878 2137 1941 et
2181 1895 2300 1958 quo
2346 1877 2457 1939 sub
2503 1876 2738 1940 formu-

252 1983 450 2045 larum
494 1979 735 2045 libello:
785 1999 929 2043 uum
978 1979 1231 2043 insimul
1279 1980 1514 2043 alumni
1562 1980 1690 2045 sive
1737 1979 1982 2057 interni,
2025 1980 2153 2043 sive
2200 1980 2436 2044 externi
2483 1999 2547 2043 se
2593 1999 2738 2045 con-

248 2086 451 2151 ferant
495 2102 687 2148 necne
732 2082 809 2147 ad
856 2082 1412 2167 Congregationes‚
1475 2101 1630 2166 quae
1676 2083 1751 2147 de
1798 2083 2022 2165 spiritu
2067 2084 2488 2165 appellantur3
2548 2085 2612 2147 et
2657 2104 2737 2147 an

255 2188 566 2255 Parochus
612 2187 886 2270 aliquam
930 2187 1378 2271 ingerentiam,
1448 2189 1511 2251 et
1575 2186 1966 2270 vigilantiam
2025 2188 2089 2251 in
2150 2188 2523 2270 supradictis
2584 2188 2738 2252 locis

252 2293 562 2368 exerceat,
628 2291 706 2355 ad
763 2310 1045 2356 normam
1108 2290 1355 2355 Decreti
1416 2291 1730 2357 occasione
1782 2292 2121 2356 Pastoralis
2167 2291 2563 2356 Visitationis
2614 2293 2738 2356 Pa-

256 2396 485 2460 rneciae
534 2394 593 2462 S.
644 2394 877 2460 Mariae
919 2394 1277 2484 de‘Catena
1322 2396 1434 2458 sub
1479 2395 1578 2458 die
1624 2397 1725 2459 25.
1768 2395 2056 2461 Januarii
2105 2396 2272 2459 1873
2313 2396 2446 2478 jam
2493 2395 2667 2463 editi.

458 2500 524 2564 Si
569 2518 729 2579 vero,
778 2498 938 2582 quod
986 2499 1169 2577 absit,
1217 2498 1516 2583 praedicti
1565 2500 1845 2577 Parochi,
1895 2500 1994 2563 vel
2025 2499 2290 2582 quilibet
2326 2519 2558 2578 eorum,
2607 2500 2738 2564 sta-

256 2611 386 2668 tum
433 2622 684 2668 suarum
734 2594 1185 2681 Ecclesiarum,
1247 2604 1491 2667 statuta
1554 2601 1653 2669 die
1701 2607 1771 2667 ut
1816 2622 2035 2685 supra,
2103 2622 2220 2669 non
2267 2603 2626 2679 conficiant,
2675 2606 2745 2668 et

256 2708 447 2773 Nobis
501 2726 619 2773 non
684 2708 1013 2771 exhibeant
1062 2708 1271 2789 elapsa
1324 2707 1560 2773 Octava
1606 2706 1908 2789 praedicti
1955 2708 2122 2772 Festi
2171 2707 2626 2772 Translationis
2674 2707 2738 2773 S.

252 2811 537 2875 ,ianuarii
585 2811 844 2894 proximi
904 2811 1049 2874 anni
1100 2811 1262 2875 1877
1326 2830 1432 2894 pro
1492 2811 1611 2875 hac
1671 2811 1870 2893 prima
1933 2812 2089 2889 vice,
2154 2813 2217 2875 et
2283 2812 2346 2887 iu
2421 2811 2740 2893 posterum

252 2915 528 2999 quolibet
569 2934 808 2999 quoque
838 2915 1103 2993 bienniO,
1153 2918 1231 2981 ab
1277 2916 1831 2982 administratione
1875 2914 2005 2981 tam
2047 2916 2500 2997 spiritualium,
2546 2938 2741 2999 quam

252 3021 718 3103 {affligammi-um,
776 3040 1017 3086 necnon
1077 3042 1118 3084 a
1178 3021 1577 3103 perceptione
1613 3022 1933 3101 fructuum
1976 3042 2239 3085 suarum
2279 3021 2739 3097 Ecclesiarnm,

252 3127 359 3207 qni
403 3124 758 3191 insumendi
801 3131 981 3190 erunt
1025 3125 1093 3189 in
1139 3143 1295 3205 opus
1337 3124 1656 3211 fabricae,
1720 3144 1829 3197 seu
1872 3130 2374 3190 ornamentorum
2417 3125 2742 3189 Ecclesiae

252 3231 635 3311 siraptionem,
672 3235 867 3309 prout
898 3230 1105 3310 maior
1136 3228 1407 3311 exeyerit
1440 3229 1776 3294 necessitas
1801 3228 2005 3309 ipsius
2036 3228 2376 3304 Ecclesiae,
2410 3230 2547 3310 ipso
2572 3229 2741 3311 facto

256 3333 494 3397 tamdiu
538 3352 871 3413 suspensos
912 3353 1043 3398 esse
1086 3333 1383 3409 volumus,
1430 3333 1622 3397 donec
1667 3355 1708 3397 a
1753 3334 2103 3397 contumaci
2147 3334 2596 3413 resipiscentes,
2641 3354 2741 3397 re-

256 3438 633 3501 laxationem
678 3436 1107 3518 suspensionis
1149 3436 1511 3520 hujusmodi
1556 3459 1595 3501 a
1638 3424 1838 3501 Nobis
1880 3438 2224 3503 meruerint
2267 3438 2554 3503 obtinere.
2623 3436 2741 3521 (Il-

256 3539 665 3605 Iustrissimus
697 3558 768 3605 ac
801 3540 1374 3605 Reverendissimus
1408 3541 1582 3604 Dnus
1608 3540 1956 3605 Gulielmus
1981 3539 2283 3605 Saufelice
2310 3540 2738 3623 Archiepisco-

256 3663 367 3727 pus
398 3646 673 3709 reservat
704 3644 820 3709 sibi
860 3644 1268 3709 determinare
1301 3645 1364 3709 in
1397 3662 1758 3728 unoquoque
1789 3662 1934 3709 casu
1974 3664 2228 3727 poenam
2276 3645 2490 3709 contra
2535 3647 2741 3709 trans·

256 3766 565 3831 gressores
596 3747 781 3830 hujus
806 3748 1104 3829 Decreti.)
1168 3749 1323 3813 Cum
1368 3746 1759 3813 advertentia
1804 3749 2018 3813 tamen
2054 3751 2125 3814 ut
2156 3750 2337 3833 plena
2369 3751 2574 3814 status
2609 3769 2743 3814 ma-

256 3850 491 3915 terialis
536 3851 756 3916 relatio
801 3852 865 3916 in
913 3852 1111 3935 prima
1154 3853 1401 3917 tanturn
1448 3852 1766 3931 relatione,
1817 3872 1974 3936 quae
2018 3853 2095 3918 fit
2140 3873 2177 3918 a
2224 3854 2518 3930 Parocho,
2566 3853 2741 3931 exhi-

260 3957 508 4023 beatur:
570 3955 635 4019 in
698 3956 1213 4040 subsequentibus
1274 3956 1437 4021 enim
1499 3957 1903 4023 relationibus
1949 3958 2103 4022 satis
2151 3958 2268 4022 erit
2309 3958 2468 4040 quod
2513 3959 2631 4040 ipsi
2677 3976 2743 4022 se

256 4061 526 4125 referant
572 4059 651 4125 ad
697 4060 983 4143 primam,
1031 4062 1149 4126 nisi
1188 4062 1422 4144 aliquid
1470 4062 1613 4128 novi
1658 4061 1975 4146 pertinens
2015 4063 2093 4127 ad
2125 4061 2473 4145 praefatum
2507 4064 2741 4127 statum

260 4164 650 4231 materialem
694 4165 1089 4249 contigisset;
1137 4166 1427 4231 exhibitis
1460 4171 1670 4231 tamen
1703 4166 2107 4245 documentis,
2145 4186 2215 4231 ex
2249 4166 2472 4249 quibus
2506 4166 2745 4248 liqueat

260 4269 596 4334 executioni
644 4268 1015 4356 demandata
1062 4270 1251 4335 fuisse
1296 4270 1399 4354 pia
1445 4290 1629 4335 onera
1672 4289 1706 4334 a
1754 4271 2158 4336 testatoribus
2201 4270 2502 4354 injuncta.

464 4371 664 4451 Quam
708 4373 1066 4443 uberrimae,
1100 4373 1441 4452 utilitates,
1502 4375 1749 4438 Fratres
1796 4374 2238 4452 Dilectissimi,
2284 4394 2352 4439 ex
2399 4374 2746 4458 praesentis

264 4474 510 4539 Decreti
554 4475 943 4541 observantia
989 4496 1350 4559 promanare
1392 4478 1661 4542 debeant
1705 4479 1838 4542 turn
1880 4477 2072 4541 relate
2104 4478 2183 4541 ad
2217 4479 2339 4542 Vos
2382 4479 2560 4560 ipsos.
2609 4482 2744 4542 tum
