3050 4859
111 233 174 296 220
302 248 339 303 K.
359 250 478 315 Brenn,
499 252 562 306 Das
580 252 777 321 panliniscbe
796 252 943 321 Privilcp.
970 250 990 304 Ι.
1013 236 1080 304 Cor.
1104 251 1166 304 VII.

111 424 241 491 suadeat
259 421 498 487 concedendam.
546 424 666 487 lltenIm
691 423 773 489 sicut
802 422 834 487 in
864 423 1010 506 praelata
1039 441 1148 487 caussa
1178 423 1358 487 Florentino

112 525 404 606 animadvertimus,
435 525 604 609 Gregorius
629 527 716 593 XIII.
751 524 887 591 locorum
923 525 1114 603 Ordinariis,
1148 526 1295 592 Paroohis
1326 528 1358 590 et

111 630 309 715 Presbyteris
328 630 531 697 blissionoriis
554 630 718 697 SocIetatis
739 630 814 697 lesu
838 629 871 693 in
897 630 1029 713 Angoln,
1050 630 1217 714 Aethiopia
1232 632 1265 695 et
1280 632 1358 694 Bra·

111 734 182 799 silia
206 732 407 819 degentibus,
435 736 619 817 potestatem
646 735 718 799 lecit
740 732 938 817 dispensandi
962 753 1032 799 enm
1055 733 1194 817 quolibet
1217 735 1357 818 conjuge,

112 838 384 920 qui'llbristianae
407 838 562 923 Religioni
582 858 693 903 nomen
711 839 807 916 dedit,
828 839 863 902 ut
881 857 997 902 novum
1013 837 1110 921 possit
1125 830 1358 903 matrimonium

111 942 199 1017 inire,
223 944 336 1010 omissa
358 943 607 1025 interpellatione
630 943 758 1013 alterius
784 942 923 1026 conjugis
947 942 1095 1015 infidelis,
1122 962 1214 1025 quem
1236 944 1358 1007 constat

112 1047 252 1130 legitime
269 1048 468 1130 interpellari
489 1066 546 1111 non
570 1062 672 1129 posse..
713 1046 757 1112 Et
778 1047 846 1112 Nos
867 1046 951 1128 ipsi,
985 1047 1028 1111 nd
1056 1044 1145 1111 Petri
1167 1046 1358 1112 Octlcdrnrn

1 1176 4 1187 ¹
113 1153 232 1229 enecti,
253 1152 435 1231 fnendmem
464 1152 669 1217 concessimus
698 1150 880 1230 Apostolico
911 1150 1035 1215 Nnntio
1065 1150 1201 1233 Venetiis
1227 1170 1358 1216 commo-

9 1314 10 1319 ,
44 1250 59 1263 “
112 1256 211 1331 renti,
232 1262 267 1319 erl
283 1257 324 1319 in
344 1256 451 1321 simili
465 1275 571 1320 nerum
594 1260 703 1320 cuenln
726 1254 895 1337 possitmb
925 1252 1064 1336 ejusdem
1095 1243 1359 1335 interpellationis

23 1438 25 1441 Ι
113 1358 363 1424 oneraretennre
385 1362 529 1442 conjnpes
552 1365 720 1437 correersos,
743 1358 929 1423 exsistentes
951 1356 984 1421 in
1003 1358 1070 1422 loeo
1085 1356 1134 1440 pio
1155 1357 1360 1422 Catecbume·¹

114 1481 220 1537 norum
245 1462 383 1545 ejusdem
405 1462 542 1527 civitatis
569 1462 786 1536 venetiarum,
817 1462 898 1545 quod
927 1457 1060 1526 babetur
1080 1461 1113 1525 in
1138 1462 1253 1526 Nostra
1274 1461 1355 1527 (lon-

114 1566 179 1629 sne
201 1564 265 1630 III.=
282 1566 389 1631 Nostri
415 1566 545 1633 Bullarii
568 1568 644 1636 tom.
659 1568 705 1632 L<
740 1567 803 1631 Der
825 1566 891 1631 bier
913 1566 945 1629 in
967 1567 1068 1651 Frage
1089 1565 1275 1630 immmende
1292 1565 1356 1629 Ab·

40 1668 42 1673 ’
115 1670 233 1735 sebnibt
255 1669 354 1736 dieser
368 1670 587 1737 ‘constitution
613 1671 675 1736 »In
693 1671 849 1752 Suprema
872 1670 1053 1735 Onttolicne
1074 1670 1254 1735 Ecclesiae«
1285 1687 1356 1733 vom
1430 1691 1435 1699 ·

6 1834 11 1849 ,
118 1776 167 1847 16:
187 1775 311 1839 denum
336 1772 448 1852 1745,
471 1774 525 1840 der
554 1774 751 1857 odeneiobtig
781 1774 836 1838 der
868 1774 1079 1839 constitution
1106 1772 1228 1857 Grepor
1254 1771 1363 1838 XIII:

71 1962 73 1965 Ι
118 1880 269 1959 »Populis
289 1880 558 1947 assentientes«
583 1878 802 1963 nacbgebildet
825 1878 884 1957 ist,
914 1878 971 1941 bat
990 1878 1154 1962 folgenden
1180 1870 1357 1942 Wortlent:

40 1986 46 1993 “
73 1964 76 1973 ⁴
118 1982 288 2062 »Quoniam
312 1985 421 2049 antem
437 2002 527 2066 saepe
548 1982 713 2067 eontIngit,
737 1982 900 2068 utriusque
920 2000 1010 2047 sexus
1033 1979 1188 2057 infideles,
1212 1980 1356 2055 ludaeos,
1380 2053 1386 2062 ,

116 2087 283 2151 sedunens
305 2086 494 2171 'hujusmodi
518 2090 588 2170 post
609 2088 768 2152 contracta
791 2087 902 2171 gentili
917 2085 981 2151 ritu
998 2086 1205 2161 matrimonia,
1224 2086 1271 2150 nel
1287 2104 1355 2148 ma-

115 2191 212 2255 ritum
234 2208 367 2269 usonem,
392 2192 442 2257 uel
466 2202 588 2257 uxorem
613 2191 711 2257 virum
734 2210 790 2257 een
814 2192 971 2267 meritum,
1001 2192 1036 2256 ut
1059 2190 1251 2257 Catbolieam
1273 2189 1358 2254 Reli-

116 2295 236 2379 gionem
259 2296 406 2379 amplecti
430 2296 557 2380 possint,
582 2297 731 2374 deserere,
755 2296 892 2379 aliosque
914 2296 1054 2380 captivos
1071 2296 1179 2373 factos,
1198 2292 1358 2377 apropriis

16 2428 19 2437 ¹
116 2399 238 2479 finibus
261 2402 292 2465 et
314 2401 445 2483 propriIs
465 2400 661 2485 wOonjngibus
675 2401 705 2464 in
722 2401 800 2465 alias
820 2401 961 2485 regiones
976 2400 1155 2476 transterri3
1178 2399 1272 2481 etque
1283 2397 1359 2463 adeo

116 2503 209 2567 dietis
225 2504 391 2587 ¹utriumque
410 2518 502 2569 serus
517 2505 714 2583 infidelibus,
736 2504 876 2580 Iudaeis,
894 2504 1055 2569 et'Inrcis
1067 2502 1106 2567 ad
1120 2501 1228 2567 Fidem
1244 2500 1359 2567 Cethe*

116 2606 207 2671 lisam
231 2609 385 2673 conuersis
409 2609 514 2673 deesse
537 2609 660 2674 modnm
685 2610 717 2673 et
738 2608 1013 2691 opportunitatem,
1036 2608 1084 2672 vel
1107 2606 1181 2689 quia
1201 2604 1358 2670 interdum

60 2748 66 2752 -
116 2711 333 2776 in-zbostilieus
356 2714 388 2775 et
411 2712 561 2778 barbaris·
575 2712 754 2790 Provinciis,
778 2711 817 2777 ad
841 2731 918 2794 quas
944 2731 982 2775 ne
997 2710 1116 2775 nuntiis
1132 2708 1255 2794 quidem
1271 2708 1360 2793 petet

36 2806 37 2809 '
116 2834 266 2894 aoeessus,
291 2818 528 2894 commorantur,
553 2817 601 2881 uel
621 2818 693 2900 quia
715 2817 862 2899 ignorant
875 2829 1016 2898 prorsus,
1038 2814 1069 2878 in
1092 2815 1203 2897 quibus
1224 2812 1359 2899 regioni·

116 2920 279 2995 desesiae,
294 2920 341 2984 uel
363 2915 435 3003 tinia
457 2922 577 2986 itineris
601 2906 764 3005 longitudo
786 2938 933 3003 magnam
957 2918 1047 2984 affert
1070 2920 1297 2997 difficultatem,
1319 2916 1357 2981 ad

66 3012 67 3015 ¹
117 3024 789 3109 monendosinterpellandosque'utriusque
812 3043 900 3089 sexus
924 3024 1091 3109 Oonjuges,
1114 3045 1159 3088 nn
1180 3023 1361 3088 cotobitore·

117 3128 315 3195 celinlssine·
336 3130 520 3195 conteneclio
550 3130 728 3209 Orontoris,
764 3132 858 3212 atque
880 3128 951 3193 bine
973 3128 1059 3206 lieri,
1091 3129 1205 3191 utnon
1228 3126 1358 3190 minima

118 3233 204 3296 novis
221 3233 303 3297 bisce
318 3234 704 3318 matrimoniisobjioiatur
719 3233 898 3311 difficultas,
923 3252 984 3316 qua
1000 3234 1154 3310 obstante,
1177 3230 1358 3313 saepissima

7 3342 8 3345 ’
116 3337 355 3419 eesgransnms
376 3338 489 3402 damna
509 3340 673 3403 consecuta
695 3340 784 3402 sunt:
808 3339 977 3419 Eapropter
992 3336 1192 3419 ‘deponentes
1214 3333 1355 3418 praelati,

5 3478 7 3483 .
93 3442 167 3503 *ut
173 3440 266 3505 bisce
277 3440 478 3507 incommodis
500 3442 672 3507 remedium
701 3442 809 3507 afferre
839 3441 973 3524 possint,
1009 3459 1063 3524 per
1093 3439 1160 3506 Nos
1189 3440 1356 3523 opportune

116 3544 344 3692 providerint,
368 3546 410 3610 ut
425 3546 504 3610 intre
528 3546 683 3631 indulgeri
706 3564 898 3628 summopere
920 3544 1105 3611 desiderant.

170 3649 291 3713 Nos
309 3648 417 3733 igitur
431 3651 504 3714 dict
490 3652 538 3715 tos
566 3650 760 3733 deponentes
785 3650 970 3732 specialibus
1004 3648 1158 3715 favoribus
1186 3651 1218 3714 et
1186 3663 1304 3731 egra
1305 3646 1358 3739 tiis

99 3752 258 3835 pmsequi
277 3752 381 3818 solent
366 3756 433 3832 t,es
464 3756 495 3819 et
521 3772 628 3820 eorum
654 3754 828 3837 singulares
850 3772 994 3836 personas
1016 3773 1035 3818 a
1057 3752 1215 3836 quibusvis
1239 3769 1359 3817 excom·
1416 3836 1419 3841 ³

118 3856 344 3937 mnnioationis,
367 3860 589 3941 suspensionis,
622 3860 655 3922 et
677 3857 858 3935 Interdieti,
887 3858 1017 3940 aliisque
1041 3856 1266 3922 ecelesiasticis
1287 3874 1357 3919 sen-

116 3961 233 4040 tentiis,
259 3963 395 4035 eensnris
418 3965 449 4028 et
472 3964 575 4045 poenis
597 3982 616 4027 a
635 3963 705 4047 jure
729 3949 777 4026 vel
791 3962 836 4026 ab
862 3960 985 4027 homine
1008 3961 1118 4045 quavis
1136 3959 1294 4027 occasione
1309 3958 1369 4024 vel-

118 4064 210 4131 eausa
232 4065 323 4143 latis,
354 4067 386 4131 et
413 4067 524 4151 quibus
547 4067 776 4151 quomodolibet
797 4057 939 4144 innodati
959 4067 1127 4147 exsistant,
1151 4066 1190 4131 ad
1213 4064 1357 4131 effectum

3 4184 4 4193 ³
117 4170 325 4251 praesentium
349 4170 511 4235 dumtaxat
538 4165 818 4255 eorrsequendum,
839 4168 951 4235 barum
985 4170 1062 4236 serie
1098 4171 1293 4235 absolventes
1327 4170 1359 4232 et

117 4273 274 4343 absolutas
297 4274 360 4340 iore
383 4277 550 4354 censentes,
575 4272 751 4359 hujusmodi
772 4275 1052 4358 supplicationibus
1072 4274 1224 4352 intimati,
1248 4272 1285 4337 de
1298 4272 1360 4337 Ve-

6 4380 7 4383 ’
117 4378 303 4453 nerabilium
329 4380 471 4445 Fratrum
504 4380 688 4447 Nostrorum
718 4379 748 4445 S.
774 4380 812 4446 n.
835 4380 870 4443 a
899 4378 1110 4443 cardinalium
1135 4377 1169 4441 in
1199 4377 1268 4441 tota
1296 4377 1359 4441 Ite·

117 4480 240 4563 pnbliea
263 4482 441 4549 Christiana
463 4482 659 4549 Generalium
683 4481 905 4567 Inquisitorem
922 4480 1068 4546 adversus
1085 4481 1271 4545 haereticam
1286 4497 1359 4563 pra-

7 4668 23 4680 *-
116 4583 247 4650 vitatem
264 4588 449 4655 auctoritate
466 4587 644 4672 Apostolica
659 4588 876 4670 deputatorum
893 4584 1030 4663 consilio,
1047 4583 1249 4651 Fraternitati
1262 4583 1357 4663 Tuae,

115 4804 136 4838 b.
