3050 4859
152 166 217 231 m
306 184 398 239 cora
417 183 557 253 Arcda'ep.
577 182 677 237 Coloe.
695 182 790 235 lustr.
806 198 866 247 pro
887 180 1239 234 transrheninos-ra
1489 201 1491 260 4

1489 279 1491 310 l

152 354 242 421 ieret.
270 354 444 421 Mortis
464 359 498 423 et
516 355 692 421 collationis
714 356 809 438 hujm
829 354 1017 419 resultatum
1035 354 1185 418 adcurate
1202 354 1407 427 connotabit,

152 461 248 543 atque
280 459 459 525 uuiversum
488 460 645 525 Ecclesiae
677 459 833 542 peculium
866 476 943 541 erga
975 458 1155 521 inventaria
1181 478 1241 540 per
1268 459 1408 521 muetos

152 564 330 646 manentes
351 564 571 629 subscribenda
593 564 757 646 parochiae
779 562 1035 627 Administratori
1057 561 1241 645 remgnabit.

255 668 284 751 fi.
308 668 360 731 tl.
394 668 484 751 Apud
506 668 722 751 procedentem
744 667 892 732 Judicem
911 666 1099 749 procurabit,
1124 666 1178 730 l·o
1196 666 1235 729 ut
1255 665 1409 729 deiectus

152 772 184 837 iu
202 770 332 855 peculiis
353 771 521 849 Ecclesiae,
553 773 674 854 piarum
704 771 921 839 mndationum
947 773 981 834 et
1006 788 1163 834 merorum
1184 769 1409 844 fundatorum,

152 875 209 940 aut
229 874 263 939 in
283 874 380 940 tundo
400 875 553 941 instructo
567 876 670 941 nefors
684 876 812 953 detecti,
833 894 851 938 e
866 875 1034 957 posthuma
1047 874 1197 950 defuncti,
1218 874 1311 956 cnjus
1326 873 1410 937 fidei

152 978 230 1045 baec
250 978 416 1044 commissa
436 981 536 1057 erant,
560 980 738 1045 substantia
754 979 981 1053 resarcianturr
1003 1014 1045 1025 -
1066 980 1124 1041 2·o
1137 978 1359 1060 utncglectae
1372 978 1407 1040 in

153 1082 281 1147 aedibus
295 1082 524 1165 parochialibus
543 1085 762 1166 reparationes,
785 1084 827 1147 ad
840 1102 919 1166 qnae
931 1082 1099 1146 deiunmus
1112 1100 1206 1145 sensu
1223 1082 1408 1165 rigentium

151 1185 295 1251 ordinum
316 1186 532 1271 obligabatur,
562 1191 656 1271 prout
683 1191 717 1252 et
745 1187 1000 1253 deterioratioues
1026 1186 1062 1249 iu
1082 1187 1187 1269 agris,
1213 1186 1313 1251 bortis
1339 1188 1406 1249 etc.

151 1308 232 1373 quae
253 1290 391 1355 minnan
412 1292 535 1358 incuria
556 1295 680 1357 creatae
701 1292 849 1370 inerunt,
869 1292 932 1355 rite
950 1291 1175 1366 aestimentur,
1204 1297 1300 1371 utprre
1321 1294 1409 1371 post

150 1394 272 1475 foetam
292 1395 332 1460 dc
350 1396 397 1460 iis
418 1395 645 1463 Ordirrariotai
665 1396 876 1479 udomuutcm
894 1397 1079 1461 relationem
1092 1397 1308 1476 summisque
1320 1394 1408 1459 e‘rrdc

151 1498 355 1565 immanem
375 1500 497 1581 passivo
519 1500 701 1583 posthumae
723 1500 920 1565 snbstantias
943 1501 1042 1564 statui
1064 1499 1284 1565 adscribantur
1304 1500 1342 1562 et
1366 1516 1406 1561 cx

151 1601 208 1667 illa
230 1603 446 1669 resarciantur.

255 1706 284 1791 5,
305 1708 358 1773 42.
392 1707 554 1793 Symbolas
575 1709 606 1771 iu
630 1726 723 1773 sensu
745 1711 935 1773 statutorum
951 1709 1201 1772 dioecesanorum
1216 1706 1322 1770 lundis
1338 1705 1403 1770 Se·

153 1810 277 1877 minerii
305 1814 338 1877 et
369 1812 584 1877 Deficientium
611 1812 814 1877 Sacerdotem
845 1812 968 1876 debitas
995 1814 1022 1875 si
1051 1812 1159 1876 eadem
1186 1811 1254 1875 rita
1281 1810 1405 1874 comite

151 1914 325 1997 persolutae
348 1935 406 1981 nou
429 1918 547 1995 essent,
579 1936 666 1999 porro
689 1915 740 1999 pia
762 1918 1000 1983 testamentaria
1021 1917 1129 2000 legata
1149 1916 1278 1999 recipiet
1298 1916 1333 1979 et
1358 1912 1403 1978 ad

151 2016 369 2084 destinationis
391 2020 461 2085 ioca
481 2020 681 2104 promovebit.

255 2122 285 2207 fi.
303 2123 357 2190 43.
393 2123 507 2189 Casum
536 2125 570 2189 in
597 2144 685 2202 eum,
719 2125 747 2189 si
779 2124 930 2191 Sacerdos
957 2124 1160 2189 beneficiatus
1181 2124 1221 2187 ab
1242 2123 1401 2187 intestato

153 2225 345 2305 demssisset,
367 2228 730 2294 Vico-Archi-Diaconus
751 2230 800 2293 vei
822 2229 986 2295 constituti
1001 2248 1122 2306 massae
1136 2228 1312 2304 Curatores,
1331 2244 1401 2309 qua

152 2328 363 2396 Commissarii
385 2332 713 2416 Archi-episcopales,
738 2334 847 2399 sedulo
867 2334 1027 2399 intendere
1049 2333 1179 2409 debent,
1210 2334 1247 2396 nt
1274 2332 1400 2396 caduca

152 2433 344 2513 substantia,
366 2437 536 2503 subtractis
555 2438 689 2520 primum
707 2438 852 2521 justitiae
873 2440 908 2502 et
928 2438 1073 2503 officiosis
1095 2435 1215 2514 titulis,
1245 2436 1279 2500 in
1301 2454 1398 2499 sensu

152 2537 289 2621 adusque
312 2540 484 2624 rigentium
507 2542 650 2606 ordinum
673 2542 706 2606 in
729 2544 793 2607 tres
811 2540 957 2625 aequales
969 2544 1075 2624 partes
1090 2540 1268 2617 dividatur,
1289 2560 1305 2603 e
1324 2539 1398 2623 qui-

152 2641 210 2706 bus
240 2661 302 2708 uua
332 2663 401 2727 pars
429 2646 575 2729 obtingat
602 2646 776 2724 Ecclesiae,
812 2647 843 2710 in
870 2646 960 2729 cujus
986 2645 1112 2732 servitio
1134 2644 1281 2709 Sacerdos
1303 2644 1395 2720 obiit,

20 2743 252 2813 *mista
274 2750 431 2832 cognatis,
466 2750 561 2815 tertia
593 2750 718 2815 demum
750 2750 936 2833 pauperibus
966 2750 1043 2827 loci,
1076 2749 1110 2813 in
1142 2768 1203 2832 quo
1229 2748 1396 2813 defunctus

151 2852 305 2933 postremo
326 2852 524 2935 tangebatur.
1383 2865 1391 2873 ·

257 2956 285 3041 §-
308 2956 359 3019 44.
390 2955 569 3023 Generatim
584 2956 796 3024 Commissarii
809 2957 1119 3042 Archi-Episcopalcs
1135 2994 1175 3005 -
1189 2956 1394 3021 Vise-Archi·

155 3058 308 3124 Diaconos
330 3060 379 3125 vel
400 3060 593 3129 Testamenti
610 3063 794 3127 lixecutcres
809 3100 852 3110 —
870 3062 1107 3145 pertractationi
1122 3062 1305 3145 posthumae
1319 3061 1396 3125 sub·

151 3162 287 3229 stantiae
307 3163 481 3231 interemat
503 3184 540 3231 ao
561 3167 667 3232 sedulo
688 3167 860 3245 intendent,
885 3168 921 3232 ut
940 3167 1071 3231 ultimae
1092 3166 1196 3231 deusti
1218 3164 1395 3231 Sacerdotis

152 3266 305 3334 voluntati
328 3268 535 3335 adamussim
558 3271 701 3336 satisfiat.
747 3271 880 3355 Domum
909 3271 950 3335 de
979 3271 1130 3354 quomodo
1158 3270 1244 3334 iacta
1273 3285 1394 3338 messae

151 3371 393 3453 pertractatione
414 3374 587 3440 uberiorem
610 3374 823 3441 Ordioariatui
845 3376 1035 3440 exhibebunt
1055 3374 1247 3440 relationem.

153 3541 256 3627 caper
274 3546 329 3613 VI.
354 3544 404 3615 Dc
418 3548 470 3628 iis,
486 3568 566 3631 pace
579 3570 619 3614 ec
633 3550 767 3631 speciali
781 3549 971 3634 delmaticae
988 3548 1259 3615 terebrarent
1270 3546 1393 3636 upeadu

678 3652 867 3719 tribuantur.
1467 3660 1471 3667 “

255 3788 284 3872 g.
307 3788 359 3854 45.
393 3787 516 3869 Quanto
539 3788 672 3873 amplius
694 3788 732 3854 ad
755 3791 816 3854 rite
838 3790 1063 3873 procurandam
1087 3790 1268 3856 Diocaeseos
1289 3788 1389 3853 admi·

152 3890 382 3971 nistrationcm,
406 3894 632 3978 tuendamque,
656 3912 707 3973 ac,
740 3912 802 3976 qua
822 3896 911 3978 parte
933 3895 1075 3961 fortassis
1096 3894 1233 3976 collapsa
1252 3895 1318 3971 est,
1340 3893 1390 3956 in·

151 3994 351 4063 staurandam
374 3996 570 4081 disciplinam
593 3998 862 4077 Ecclesiasticam,
887 3998 920 4062 in
941 3998 1203 4065 V.-A.·Diaconis
1225 3998 1319 4061 sitnm
1343 3997 1391 4061 est
1503 4022 1504 4032 ¹

152 4100 352 4177 momentum,
374 4120 471 4184 quove
492 4101 639 4167 fidentius
661 4102 759 4168 Nobis
782 4103 978 4185 pollicemur:
1002 4103 1066 4169 Nos
1088 4103 1121 4166 in
1141 4101 1284 4185 gerendis
1299 4100 1389 4165 rebus

151 4201 293 4267 strenuos
313 4222 433 4287 semper
449 4204 481 4269 iu
503 4204 542 4270 iis
566 4206 725 4271 habituros
747 4224 814 4271 csse
836 4206 1008 4271 Pastoralis
1023 4207 1156 4271 Nostrae
1170 4204 1389 4270 sollicitudinis
1502 4243 1503 4266 r

151 4304 258 4383 socios,
282 4324 316 4373 eo
336 4307 492 4375 lubentius
514 4309 545 4375 in
567 4309 599 4374 id
622 4308 861 4393 propendemus:
884 4313 920 4375 ut
942 4310 1064 4375 ltisdcm
1086 4329 1141 4395 per
1162 4308 1285 4375 modurn
1305 4309 1389 4373 dele-

152 4408 296 4492 gationis,
318 4413 533 4479 nonnullorum
553 4413 669 4498 J'urium
694 4412 878 4479 Nostrorum
902 4414 1080 4480 exercitium
1104 4413 1302 4496 deputemus,
1327 4430 1388 4495 qno

152 4512 244 4579 aucta
265 4514 373 4582 taliter
393 4534 500 4583 eorum
521 4518 684 4601 potestate,
709 4517 864 4602 augeatur
884 4534 989 4583 sorum
1011 4516 1106 4583 etiem
1128 4536 1189 4582 non
1204 4516 1294 4582 modo
1306 4516 1388 4581 inter
