3050 4859
2692 167 2775 233 47

1503 668 1573 749 ΙΙ.

833 786 930 889 De
982 807 1274 889 vicariis
1332 806 1841 910 capitularibus
1895 807 1959 886 in
2014 805 2249 886 Gallia.

534 946 768 1002 Auctore
805 948 873 1001 A.
915 948 997 1002 Μ.
1031 949 1404 1013 Neurisson,
1442 963 1557 1001 can.
1595 946 1719 1000 hon.
1757 944 1899 1000 Eccl.
1938 945 2169 1014 Metrop.
2206 943 2547 1000 Turonensis.

504 1085 672 1150 Duas
727 1087 973 1151 tantum
1030 1084 1419 1167 quaestiones
1480 1086 1555 1149 de
1619 1085 1882 1149 Vicariis
1949 1074 2414 1167 Capitularibus
2459 1083 2523 1148 in
2574 1082 2780 1147 Gallia

293 1184 809 1271 hicperpendere
855 1188 1273 1265 intendimUS,
1340 1208 1559 1271 nempe
1609 1192 1662 1251 1.
1712 1187 2219 1253 consuetudinem
2268 1186 2573 1269 eligendi,
2639 1189 2780 1251 sede

291 1281 591 1371 vacante,
640 1293 842 1375 plures
890 1292 1150 1359 vicarios
1195 1292 1604 1375 capitulares,
1658 1292 1805 1357 dum
1844 1293 1949 1375 jus
1990 1311 2319 1358 commune
2366 1276 2557 1358 unum
2600 1291 2776 1355 dum-

291 1399 476 1464 taxat
515 1396 868 1479 eligendum
911 1415 1040 1462 esse
1079 1397 1295 1481 jubet3
1350 1398 1414 1461 et
1454 1398 1512 1461 2.
1553 1396 1959 1462 difficultates
2022 1395 2390 1461 conciliandi
2440 1395 2544 1478 jus
2585 1395 2776 1459 civile

295 1501 674 1585 gallicanum
720 1520 861 1565 oum
898 1500 1037 1584 jure
1078 1501 1493 1566 ecclesiastico
1540 1501 1703 1565 circa
1752 1499 2031 1566 Vicarios
2076 1499 2467 1582 capitulares

1508 1655 1559 1719 I.

507 1778 672 1842 Ante
703 1777 1045 1842 Concilium
1080 1776 1509 1842 Tridentinum
1541 1776 1773 1840 licebat
1803 1774 2087 1841 omnibus
2120 1774 2427 1859 Capitulis
2451 1775 2776 1842 dioecesim

298 1885 622 1947 vacantem
670 1881 1103 1947 administrare
1165 1880 1243 1945 ad
1299 1880 1549 1944 libitum
1609 1881 1735 1946 sive
1799 1901 1907 1964 per
1966 1899 2069 1960 se,
2134 1880 2261 1945 sive
2308 1900 2414 1964 per
2454 1879 2780 1964 deputatus

295 1987 632 2051 ministros.
727 1986 1071 2053 Concilium
1115 2003 1256 2050 vero
1299 1984 1731 2049 Tridentinum
1777 1984 1857 2049 ad
1902 1984 2221 2050 vitandam
2266 1984 2685 2064 confusionem
2716 1989 2780 2049 et

298 2090 839 2168 inordinationem,
887 2090 1194 2171 sapienter
1239 2089 1466 2153 statuit
1497 2108 1885 2154 communem
1919 2089 2349 2154 canonicorum
2381 2089 2780 2153 administra-

297 2196 526 2259 tionem
561 2195 882 2277 abrogare,
929 2194 1328 2276 praescripsit
1363 2193 1724 2258 electionem
1757 2192 1975 2258 vicarii
2006 2192 2371 2275 capitularis
2400 2193 2567 2257 intra
2599 2194 2780 2257 breve

296 2298 541 2382 tempus
585 2298 754 2377 fieri,
817 2298 1138 2380 vetuitque
1198 2298 1467 2380 plurium
1532 2297 1895 2362 vicariorum
1958 2296 2497 2374 constitutionem,
2555 2294 2700 2361 dum
2752 2317 2780 2361 e

297 2391 514 2467 contra
557 2422 750 2467 unum
795 2402 893 2467 vel
936 2403 1143 2485 plures
1204 2402 1280 2465 ad
1341 2401 1593 2466 libitum
1653 2402 1882 2485 eligere
1941 2400 2225 2484 permisit
2284 2419 2639 2465 oeconomos
2704 2401 2780 2465 ad

298 2507 458 2574 bona
497 2496 862 2589 temporalia
907 2506 1198 2571 dioecesis
1244 2505 1755 2572 administranda.
1837 2505 2258 2588 »Capitulum‚
2308 2506 2451 2572 sede
2496 2509 2776 2581 vacante,

296 2610 404 2675 ubi
445 2610 762 2688 fructuum
804 2609 1332 2693 percipiendorum
1379 2610 1434 2674 ei
1476 2628 1697 2673 munus
1741 2608 2081 2687 incumbit,
2145 2627 2538 2673 oeconomum
2590 2628 2780 2673 unum

297 2714 396 2779 vel
443 2714 648 2796 plures
691 2762 705 2778 .
743 2764 755 2777 .
790 2766 804 2779 .
847 2714 1137 2779 decernat
1183 2764 1196 2779 .
1233 2767 1246 2780 .
1282 2763 1296 2777 .
1338 2712 1499 2778 Item
1546 2712 1871 2777 officialem
1927 2731 2035 2778 seu
2086 2712 2597 2777 vicarium'infra
2642 2713 2780 2777 octo

300 2817 430 2882 dies
494 2820 632 2901 post
693 2819 956 2882 mortem
1017 2817 1303 2901 Episcopi
1365 2817 1772 2895 constituere,
1833 2816 1931 2882 vel
1992 2816 2355 2881 existentem
2418 2816 2780 2881 confirmare

297 2919 545 2985 omnino
592 2907 880 2985 teneatur
904 2926 1010 2999 1).‹
2606 2905 2608 2907 ’

506 3025 934 3094 Nonobstante
977 3027 1185 3090 tamen
1231 3024 1344 3089 illa
1385 3025 1563 3108 lege,
1609 3024 1983 3091 consuetudo
2026 3013 2382 3107 deputandi‘
2407 3024 2615 3107 plures
2661 3025 2780 3089 mi-

260 3128 544 3207 ‘nistros‚
590 3130 734 3195 sede
779 3130 1057 3209 vacante,
1105 3130 1184 3193 ad
1224 3129 1556 3213 regendam
1606 3129 1952 3207 dioecesim,
2005 3147 2127 3193 non
2168 3129 2435 3202 cessavit
2475 3128 2784 3211 plerisque

297 3233 360 3297 iu
403 3232 683 3297 ecclesiis
729 3232 1024 3321 Galliae,=
1061 3235 1382 3317 praetextu
1427 3233 1585 3297 forte
1628 3233 1983 3298 libertatum
2021 3233 2490 3317 pallioanaram
2532 3234 2599 3295 et
2634 3233 2784 3314 qnia

296 3337 639 3415 dicebatur,
687 3340 757 3401 ut
803 3337 1136 3421 Episcopus
1181 3338 1388 3420 plures
1433 3336 1697 3402 vicarios
1748 3325 2068 3420 generales
2121 3334 2243 3401 sibi
2288 3335 2624 3420 adjungere
2671 3356 2780 3419 pn*

295 3441 444 3520 test,
490 3442 583 3505 ita
622 3441 686 3505 et
725 3442 1087 3524 capitulum.
1185 3440 1343 3506 »Sed
1389 3441 1527 3524 quis
1576 3460 1694 3505 non
1742 3442 1949 3519 videt,
1996 3441 2199 3523 inquit
2245 3439 2331 3505 D.
2379 3440 2686 3505 Ferraris
2708 3441 2780 3521 Ξ),,

296 3546 461 3612 inter
506 3552 837 3629 utrumque
882 3546 1212 3611 maximam
1259 3564 1391 3611 esse
1441 3545 1855 3610 differentiam
1882 3594 1896 3623 ,
1966 3544 2113 3608 dum
2178 3544 2514 3628 Episcopus
2573 3544 2780 3626 plures

299 3651 537 3735 eligens
597 3650 856 3715 vicarios
914 3653 1120 3714 servat
1179 3650 1244 3715 in
1289 3669 1355 3714 se
1403 3650 1817 3715 necessarium
1866 3650 2161 3732 caputet
2198 3649 2477 3713 centrum
2519 3648 2780 3713 unitatis

297 3754 717 3833 dioecesanae,
759 3753 921 3837 quod
965 3771 1084 3818 non
1130 3755 1334 3836 potest
1378 3772 1624 3818 servare
1668 3753 2033 3835 capitulum,
2094 3752 2147 3815 si
2193 3752 2401 3835 plures
2442 3752 2637 3835 eligat
2681 3753 2776 3817 vi-

299 3859 515 3936 carioS,
563 3877 722 3938 cum,
773 3856 968 3923 electo
1013 3858 1258 3936 vicarie,
1309 3859 1386 3921 ab
1434 3858 1596 3923 omni
1644 3850 2074 3940 jurisdictione
2116 3856 2361 3921 cadat«

508 3961 831 4028 Caeterum
890 3964 1171 4045 praefata
1226 3962 1601 4027 consuetudo
1668 3961 2019 4028 confirmari
2089 3960 2415 4026 videbatur
2477 3958 2780 4023 decisione

299 4066 565 4149 quadam
612 4064 672 4134 S.
719 4065 1230 4150 Oongregationis
1270 4066 1533 4131 Concilii
1578 4065 1701 4130 diei
1746 4067 1849 4133 21.
1892 4066 2044 4148 Apr.
2098 4066 2260 4129 1592
2309 4065 2403 4149 (in
2433 4082 2621 4128 causa
2652 4063 2776 4127 Pa-

299 4169 676 4254 normitana)
722 4190 879 4253 quae
917 4171 1006 4235 sic
1053 4189 1116 4233 se
1164 4170 1388 4234 habet:
1439 4168 1898 4253 »Congregatio
1945 4167 2206 4235 concilii
2250 4168 2511 4247 censuit,
2556 4186 2629 4233 ex
2673 4169 2776 4230 de-

298 4276 463 4341 creto
510 4274 692 4341 Cone.
743 4273 912 4339 Trid.
955 4292 1086 4356 cap.
1137 4274 1238 4352 16,
1285 4292 1433 4339 sese.
1482 4273 1587 4353 24,
1633 4292 1673 4339 a
1718 4271 2027 4355 CapituIO,
2073 4272 2216 4338 sede
2260 4274 2539 4351 vacante,
2590 4291 2780 4337 unum

507 4449 561 4518 1)
597 4447 754 4504 Cone.
793 4446 940 4503 Trid.
975 4447 1113 4503 Sess.
1152 4446 1356 4512 XXIV,
1395 4446 1462 4501 de
1495 4446 1593 4501 ref.
1630 4446 1759 4515 Cap.
1793 4445 1940 4501 XVI.

503 4536 559 4605 2)
598 4535 831 4590 Theoria
867 4537 924 4590 et
958 4534 1136 4605 praxis
1171 4534 1451 4604 regiminis
1488 4532 1807 4599 dioecesani,
1843 4532 1943 4585 Nr.
1984 4532 2100 4586 122.
