<?xml version="1.0" encoding="UTF-8"?>
<!DOCTYPE html PUBLIC "-//W3C//DTD XHTML 1.0 Transitional//EN"
    "http://www.w3.org/TR/xhtml1/DTD/xhtml1-transitional.dtd">
<html xmlns="http://www.w3.org/1999/xhtml" xml:lang="en" lang="en">
 <head>
  <title>
</title>
<meta http-equiv="Content-Type" content="text/html;charset=utf-8" />
  <meta name='ocr-system' content='tesseract 3.04.00' />
  <meta name='ocr-capabilities' content='ocr_page ocr_carea ocr_par ocr_line ocrx_word'/>
</head>
<body>
  <div class='ocr_page' id='page_1' title='image "./archivfrkatholi08unkngoog/archivfrkatholi08unkngoog_0064.png"; bbox 0 0 3050 4859; ppageno 0'>
   <div class='ocr_carea' id='block_1_1' title="bbox 118 180 1156 265">
    <p class='ocr_par' dir='ltr' id='par_1_1' title="bbox 118 180 1156 265">
     <span class='ocr_line' id='line_1_1' title="bbox 118 180 1156 265; baseline -0.002 -16"><span class='ocrx_word' id='word_1_1' title='bbox 118 180 160 245; x_wconf 81' lang='lat'>52</span> <span class='ocrx_word' id='word_1_2' title='bbox 317 196 503 257; x_wconf 84' lang='lat' dir='ltr'>Noarlsson,</span> <span class='ocrx_word' id='word_1_3' title='bbox 525 195 567 249; x_wconf 84' lang='lat' dir='ltr'>De</span> <span class='ocrx_word' id='word_1_4' title='bbox 585 197 715 249; x_wconf 80' lang='lat' dir='ltr'>vicarlis</span> <span class='ocrx_word' id='word_1_5' title='bbox 735 195 966 265; x_wconf 70' lang='lat' dir='ltr'><strong><em>capitularibus</em></strong></span> <span class='ocrx_word' id='word_1_6' title='bbox 982 198 1018 249; x_wconf 76' lang='lat' dir='ltr'>ia</span> <span class='ocrx_word' id='word_1_7' title='bbox 1041 192 1156 252; x_wconf 76' lang='lat' dir='ltr'>Gallia.</span> 
     </span>
    </p>
   </div>
   <div class='ocr_carea' id='block_1_2' title="bbox 117 365 1370 662">
    <p class='ocr_par' dir='ltr' id='par_1_2' title="bbox 117 365 1370 662">
     <span class='ocr_line' id='line_1_2' title="bbox 117 365 1363 453; baseline -0.003 -19"><span class='ocrx_word' id='word_1_8' title='bbox 117 366 280 435; x_wconf 89' lang='lat' dir='ltr'>tuerentur</span> <span class='ocrx_word' id='word_1_9' title='bbox 303 366 498 453; x_wconf 89' lang='lat' dir='ltr'>capitulares,</span> <span class='ocrx_word' id='word_1_10' title='bbox 518 366 571 451; x_wconf 90' lang='lat' dir='ltr'>jus</span> <span class='ocrx_word' id='word_1_11' title='bbox 592 367 698 433; x_wconf 89' lang='lat' dir='ltr'>tamen</span> <span class='ocrx_word' id='word_1_12' title='bbox 720 366 758 431; x_wconf 89' lang='lat' dir='ltr'>ad</span> <span class='ocrx_word' id='word_1_13' title='bbox 782 366 983 451; x_wconf 81' lang='lat' dir='ltr'>stipendium,</span> <span class='ocrx_word' id='word_1_14' title='bbox 1007 386 1042 433; x_wconf 85' lang='lat' dir='ltr'>ex</span> <span class='ocrx_word' id='word_1_15' title='bbox 1061 365 1215 441; x_wconf 83' lang='lat' dir='ltr'>decisione</span> <span class='ocrx_word' id='word_1_16' title='bbox 1232 365 1363 431; x_wconf 81' lang='lat' dir='ltr'>Consilii</span> 
     </span>
     <span class='ocr_line' id='line_1_3' title="bbox 118 471 1370 552; baseline -0.001 -14"><span class='ocrx_word' id='word_1_17' title='bbox 118 474 235 551; x_wconf 88' lang='lat' dir='ltr'>status,</span> <span class='ocrx_word' id='word_1_18' title='bbox 268 492 327 539; x_wconf 92' lang='lat' dir='ltr'>non</span> <span class='ocrx_word' id='word_1_19' title='bbox 357 493 375 539; x_wconf 90' lang='lat' dir='ltr'>a</span> <span class='ocrx_word' id='word_1_20' title='bbox 400 472 449 538; x_wconf 92' lang='lat' dir='ltr'>die</span> <span class='ocrx_word' id='word_1_21' title='bbox 471 491 614 539; x_wconf 84' lang='lat' dir='ltr'>assensus</span> <span class='ocrx_word' id='word_1_22' title='bbox 638 471 807 552; x_wconf 82' lang='lat' dir='ltr'>Gubernii,</span> <span class='ocrx_word' id='word_1_23' title='bbox 838 472 891 538; x_wconf 92' lang='lat' dir='ltr'>sed</span> <span class='ocrx_word' id='word_1_24' title='bbox 917 492 934 539; x_wconf 87' lang='lat' dir='ltr'>a</span> <span class='ocrx_word' id='word_1_25' title='bbox 959 471 1008 537; x_wconf 91' lang='lat' dir='ltr'>die</span> <span class='ocrx_word' id='word_1_26' title='bbox 1032 472 1210 551; x_wconf 87' lang='lat' dir='ltr'>electionis,</span> <span class='ocrx_word' id='word_1_27' title='bbox 1228 490 1370 550; x_wconf 46' lang='lat' dir='ltr'>,currere</span> 
     </span>
     <span class='ocr_line' id='line_1_4' title="bbox 117 577 297 662; baseline 0.011 -19"><span class='ocrx_word' id='word_1_28' title='bbox 117 577 297 662; x_wconf 87' lang='lat' dir='ltr'>incipiebat.</span> 
     </span>
    </p>
   </div>
   <div class='ocr_carea' id='block_1_3' title="bbox 117 706 1367 2029">
    <p class='ocr_par' dir='ltr' id='par_1_3' title="bbox 117 706 1367 2029">
     <span class='ocr_line' id='line_1_5' title="bbox 222 706 1363 791; baseline 0 -18"><span class='ocrx_word' id='word_1_29' title='bbox 222 709 323 774; x_wconf 82' lang='lat' dir='ltr'>Hodie</span> <span class='ocrx_word' id='word_1_30' title='bbox 338 728 420 788; x_wconf 88' lang='lat' dir='ltr'>vero,</span> <span class='ocrx_word' id='word_1_31' title='bbox 435 708 539 791; x_wconf 86' lang='lat' dir='ltr'>elapso</span> <span class='ocrx_word' id='word_1_32' title='bbox 553 726 677 791; x_wconf 88' lang='lat' dir='ltr'>prorsus</span> <span class='ocrx_word' id='word_1_33' title='bbox 692 709 831 791; x_wconf 90' lang='lat' dir='ltr'>ternpore</span> <span class='ocrx_word' id='word_1_34' title='bbox 843 706 1074 775; x_wconf 83' lang='lat' dir='ltr'>benevolentiae</span> <span class='ocrx_word' id='word_1_35' title='bbox 1088 726 1164 791; x_wconf 83' lang='lat' dir='ltr'>erga</span> <span class='ocrx_word' id='word_1_36' title='bbox 1180 708 1363 787; x_wconf 74' lang='lat' dir='ltr'>Ecclesiam,</span> 
     </span>
     <span class='ocr_line' id='line_1_6' title="bbox 118 810 1363 897; baseline 0 -20"><span class='ocrx_word' id='word_1_37' title='bbox 118 812 322 879; x_wconf 84' lang='lat' dir='ltr'>difficultates</span> <span class='ocrx_word' id='word_1_38' title='bbox 345 830 405 879; x_wconf 90' lang='lat' dir='ltr'>nou</span> <span class='ocrx_word' id='word_1_39' title='bbox 424 812 562 877; x_wconf 89' lang='lat' dir='ltr'>modicae</span> <span class='ocrx_word' id='word_1_40' title='bbox 585 812 667 877; x_wconf 87' lang='lat' dir='ltr'>cirea</span> <span class='ocrx_word' id='word_1_41' title='bbox 690 812 830 897; x_wconf 84' lang='lat' dir='ltr'>regimen</span> <span class='ocrx_word' id='word_1_42' title='bbox 857 810 1088 891; x_wconf 88' lang='lat' dir='ltr'>dioecesanum,</span> <span class='ocrx_word' id='word_1_43' title='bbox 1120 812 1193 877; x_wconf 88' lang='lat' dir='ltr'>sede</span> <span class='ocrx_word' id='word_1_44' title='bbox 1221 816 1363 897; x_wconf 77' lang='lat' dir='ltr'>taranta,</span> 
     </span>
     <span class='ocr_line' id='line_1_7' title="bbox 118 915 1362 1001; baseline -0.001 -19"><span class='ocrx_word' id='word_1_45' title='bbox 118 920 323 983; x_wconf 83' lang='lat' dir='ltr'>surrexerunt.</span> <span class='ocrx_word' id='word_1_46' title='bbox 369 916 520 1001; x_wconf 77' lang='lat' dir='ltr'>Equidem</span> <span class='ocrx_word' id='word_1_47' title='bbox 548 936 609 981; x_wconf 90' lang='lat' dir='ltr'>non</span> <span class='ocrx_word' id='word_1_48' title='bbox 639 917 792 1001; x_wconf 82' lang='lat' dir='ltr'>abrogata</span> <span class='ocrx_word' id='word_1_49' title='bbox 819 915 881 982; x_wconf 90' lang='lat' dir='ltr'>luit</span> <span class='ocrx_word' id='word_1_50' title='bbox 909 916 959 983; x_wconf 80' lang='lat' dir='ltr'>lex</span> <span class='ocrx_word' id='word_1_51' title='bbox 988 916 1089 982; x_wconf 84' lang='lat' dir='ltr'>civilis</span> <span class='ocrx_word' id='word_1_52' title='bbox 1111 916 1173 981; x_wconf 90' lang='lat' dir='ltr'>diei</span> <span class='ocrx_word' id='word_1_53' title='bbox 1196 917 1248 985; x_wconf 84' lang='lat'>28.</span> <span class='ocrx_word' id='word_1_54' title='bbox 1272 917 1362 983; x_wconf 87' lang='lat' dir='ltr'>Eebr.</span> 
     </span>
     <span class='ocr_line' id='line_1_8' title="bbox 120 1019 1363 1106; baseline 0.001 -21"><span class='ocrx_word' id='word_1_55' title='bbox 120 1023 219 1101; x_wconf 89' lang='grc'>1810,</span> <span class='ocrx_word' id='word_1_56' title='bbox 250 1042 311 1105; x_wconf 87' lang='lat' dir='ltr'>qua</span> <span class='ocrx_word' id='word_1_57' title='bbox 341 1021 534 1087; x_wconf 83' lang='lat' dir='ltr'>Gubernium</span> <span class='ocrx_word' id='word_1_58' title='bbox 565 1021 651 1106; x_wconf 84' lang='lat' dir='ltr'>leges</span> <span class='ocrx_word' id='word_1_59' title='bbox 673 1021 837 1088; x_wconf 76' lang='lat' dir='ltr'>oenomaus</span> <span class='ocrx_word' id='word_1_60' title='bbox 858 1020 941 1088; x_wconf 84' lang='lat' dir='ltr'>circa</span> <span class='ocrx_word' id='word_1_61' title='bbox 961 1019 1049 1088; x_wconf 88' lang='lat' dir='ltr'>sedes</span> <span class='ocrx_word' id='word_1_62' title='bbox 1072 1022 1218 1088; x_wconf 81' lang='lat' dir='ltr'>vacantes</span> <span class='ocrx_word' id='word_1_63' title='bbox 1239 1040 1363 1087; x_wconf 82' lang='lat' dir='ltr'>serrare</span> 
     </span>
     <span class='ocr_line' id='line_1_9' title="bbox 118 1125 1363 1211; baseline -0.002 -17"><span class='ocrx_word' id='word_1_64' title='bbox 118 1144 185 1195; x_wconf 87' lang='lat' dir='ltr'>sese</span> <span class='ocrx_word' id='word_1_65' title='bbox 207 1126 376 1211; x_wconf 86' lang='lat' dir='ltr'>obligavit;</span> <span class='ocrx_word' id='word_1_66' title='bbox 399 1126 465 1203; x_wconf 90' lang='lat' dir='ltr'>sed,</span> <span class='ocrx_word' id='word_1_67' title='bbox 487 1145 567 1205; x_wconf 86' lang='lat' dir='ltr'>curn,</span> <span class='ocrx_word' id='word_1_68' title='bbox 592 1145 628 1191; x_wconf 83' lang='lat' dir='ltr'>ex</span> <span class='ocrx_word' id='word_1_69' title='bbox 650 1126 750 1191; x_wconf 86' lang='lat' dir='ltr'>altera</span> <span class='ocrx_word' id='word_1_70' title='bbox 771 1125 870 1209; x_wconf 89' lang='lat' dir='ltr'>parte,</span> <span class='ocrx_word' id='word_1_71' title='bbox 890 1127 1014 1191; x_wconf 87' lang='lat' dir='ltr'>tantum</span> <span class='ocrx_word' id='word_1_72' title='bbox 1030 1144 1173 1209; x_wconf 87' lang='lat' dir='ltr'>personas</span> <span class='ocrx_word' id='word_1_73' title='bbox 1186 1129 1298 1209; x_wconf 81' lang='lat' dir='ltr'>gratas</span> <span class='ocrx_word' id='word_1_74' title='bbox 1310 1126 1363 1209; x_wconf 82' lang='lat' dir='ltr'>jus</span> 
     </span>
     <span class='ocr_line' id='line_1_10' title="bbox 118 1229 1363 1314; baseline 0 -19"><span class='ocrx_word' id='word_1_75' title='bbox 118 1230 288 1313; x_wconf 87' lang='lat' dir='ltr'>aecipiendi</span> <span class='ocrx_word' id='word_1_76' title='bbox 311 1231 371 1297; x_wconf 87' lang='lat' dir='ltr'>sibi</span> <span class='ocrx_word' id='word_1_77' title='bbox 393 1229 531 1298; x_wconf 84' lang='lat' dir='ltr'>vindicat</span> <span class='ocrx_word' id='word_1_78' title='bbox 554 1231 585 1295; x_wconf 87' lang='lat' dir='ltr'>et</span> <span class='ocrx_word' id='word_1_79' title='bbox 609 1230 786 1314; x_wconf 76' lang='lat' dir='ltr'>inquisitio,</span> <span class='ocrx_word' id='word_1_80' title='bbox 816 1250 911 1314; x_wconf 86' lang='lat' dir='ltr'>quam</span> <span class='ocrx_word' id='word_1_81' title='bbox 933 1230 1000 1295; x_wconf 88' lang='lat' dir='ltr'>tieri</span> <span class='ocrx_word' id='word_1_82' title='bbox 1018 1230 1108 1313; x_wconf 86' lang='lat' dir='ltr'>jubet</span> <span class='ocrx_word' id='word_1_83' title='bbox 1130 1230 1213 1295; x_wconf 87' lang='lat' dir='ltr'>circa</span> <span class='ocrx_word' id='word_1_84' title='bbox 1234 1230 1363 1295; x_wconf 78' lang='lat' dir='ltr'>aleriam</span> 
     </span>
     <span class='ocr_line' id='line_1_11' title="bbox 117 1334 1363 1419; baseline 0 -20"><span class='ocrx_word' id='word_1_85' title='bbox 117 1336 345 1418; x_wconf 88' lang='lat' dir='ltr'>praesentatos,</span> <span class='ocrx_word' id='word_1_86' title='bbox 370 1352 489 1401; x_wconf 88' lang='lat' dir='ltr'>meram</span> <span class='ocrx_word' id='word_1_87' title='bbox 510 1334 646 1419; x_wconf 89' lang='lat' dir='ltr'>plurium</span> <span class='ocrx_word' id='word_1_88' title='bbox 669 1334 935 1401; x_wconf 87' lang='lat' dir='ltr'>hebdomadarum</span> <span class='ocrx_word' id='word_1_89' title='bbox 957 1334 1105 1418; x_wconf 76' lang='lat' dir='ltr'>requirit,</span> <span class='ocrx_word' id='word_1_90' title='bbox 1131 1336 1223 1417; x_wconf 84' lang='lat' dir='ltr'>patet</span> <span class='ocrx_word' id='word_1_91' title='bbox 1238 1336 1363 1417; x_wconf 85' lang='lat' dir='ltr'>partur-</span> 
     </span>
     <span class='ocr_line' id='line_1_12' title="bbox 117 1438 1362 1523; baseline 0.002 -18"><span class='ocrx_word' id='word_1_92' title='bbox 117 1440 273 1505; x_wconf 87' lang='lat' dir='ltr'>bationem</span> <span class='ocrx_word' id='word_1_93' title='bbox 296 1456 423 1523; x_wconf 83' lang='lat' dir='ltr'>grauem</span> <span class='ocrx_word' id='word_1_94' title='bbox 442 1440 475 1503; x_wconf 93' lang='lat' dir='ltr'>in</span> <span class='ocrx_word' id='word_1_95' title='bbox 498 1438 769 1507; x_wconf 77' lang='lat' dir='ltr'>administratione</span> <span class='ocrx_word' id='word_1_96' title='bbox 790 1438 972 1507; x_wconf 78' lang='lat' dir='ltr'>dioecesma</span> <span class='ocrx_word' id='word_1_97' title='bbox 987 1438 1060 1507; x_wconf 86' lang='lat' dir='ltr'>iude</span> <span class='ocrx_word' id='word_1_98' title='bbox 1075 1438 1239 1509; x_wconf 71' lang='lat' dir='ltr'>introduci.</span> <span class='ocrx_word' id='word_1_99' title='bbox 1267 1438 1362 1507; x_wconf 73' lang='lat' dir='ltr'>Prae</span> 
     </span>
     <span class='ocr_line' id='line_1_13' title="bbox 118 1542 1363 1627; baseline 0 -18"><span class='ocrx_word' id='word_1_100' title='bbox 118 1546 222 1623; x_wconf 89' lang='lat' dir='ltr'>terea,</span> <span class='ocrx_word' id='word_1_101' title='bbox 253 1564 313 1609; x_wconf 90' lang='lat' dir='ltr'>non</span> <span class='ocrx_word' id='word_1_102' title='bbox 345 1544 487 1609; x_wconf 88' lang='lat' dir='ltr'>obstante</span> <span class='ocrx_word' id='word_1_103' title='bbox 511 1543 664 1609; x_wconf 79' lang='lat' dir='ltr'>decisione</span> <span class='ocrx_word' id='word_1_104' title='bbox 686 1544 866 1627; x_wconf 87' lang='lat' dir='ltr'>supradicta</span> <span class='ocrx_word' id='word_1_105' title='bbox 889 1542 1019 1611; x_wconf 79' lang='lat' dir='ltr'>Consilii</span> <span class='ocrx_word' id='word_1_106' title='bbox 1041 1544 1152 1623; x_wconf 87' lang='lat' dir='ltr'>status,</span> <span class='ocrx_word' id='word_1_107' title='bbox 1177 1542 1285 1609; x_wconf 76' lang='lat' dir='ltr'>ricard</span> <span class='ocrx_word' id='word_1_108' title='bbox 1299 1562 1363 1609; x_wconf 86' lang='lat' dir='ltr'>-ca-</span> 
     </span>
     <span class='ocr_line' id='line_1_14' title="bbox 119 1648 1364 1733; baseline 0 -20"><span class='ocrx_word' id='word_1_109' title='bbox 119 1649 268 1732; x_wconf 86' lang='lat' dir='ltr'>pilulares</span> <span class='ocrx_word' id='word_1_110' title='bbox 291 1649 330 1715; x_wconf 91' lang='lat' dir='ltr'>ad</span> <span class='ocrx_word' id='word_1_111' title='bbox 356 1648 546 1733; x_wconf 87' lang='lat' dir='ltr'>stipendium</span> <span class='ocrx_word' id='word_1_112' title='bbox 562 1669 580 1713; x_wconf 91' lang='lat' dir='ltr'>a</span> <span class='ocrx_word' id='word_1_113' title='bbox 599 1648 753 1714; x_wconf 76' lang='lat' dir='ltr'>Guberoio</span> <span class='ocrx_word' id='word_1_114' title='bbox 769 1649 917 1727; x_wconf 90' lang='lat' dir='ltr'>solutum,</span> <span class='ocrx_word' id='word_1_115' title='bbox 940 1650 1013 1715; x_wconf 87' lang='lat' dir='ltr'>ante</span> <span class='ocrx_word' id='word_1_116' title='bbox 1031 1648 1170 1731; x_wconf 87' lang='lat' dir='ltr'>ejusdem</span> <span class='ocrx_word' id='word_1_117' title='bbox 1189 1665 1364 1727; x_wconf 78' lang='lat' dir='ltr'>assensum,</span> 
     </span>
     <span class='ocr_line' id='line_1_15' title="bbox 119 1751 1366 1837; baseline 0 -20"><span class='ocrx_word' id='word_1_118' title='bbox 119 1754 240 1819; x_wconf 89' lang='lat' dir='ltr'>nullum</span> <span class='ocrx_word' id='word_1_119' title='bbox 271 1752 372 1837; x_wconf 85' lang='lat' dir='ltr'>legale</span> <span class='ocrx_word' id='word_1_120' title='bbox 393 1753 451 1837; x_wconf 73' lang='lat' dir='ltr'>&#39;jus</span> <span class='ocrx_word' id='word_1_121' title='bbox 474 1753 587 1817; x_wconf 87' lang='lat' dir='ltr'>babere</span> <span class='ocrx_word' id='word_1_122' title='bbox 611 1753 767 1819; x_wconf 85' lang='lat' dir='ltr'>dicuntur.</span> <span class='ocrx_word' id='word_1_123' title='bbox 812 1752 863 1819; x_wconf 85' lang='lat' dir='ltr'>Sic</span> <span class='ocrx_word' id='word_1_124' title='bbox 883 1753 1113 1819; x_wconf 85' lang='lat' dir='ltr'>administratio</span> <span class='ocrx_word' id='word_1_125' title='bbox 1135 1751 1286 1819; x_wconf 85' lang='lat' dir='ltr'>dioecesis</span> <span class='ocrx_word' id='word_1_126' title='bbox 1308 1771 1366 1818; x_wconf 79' lang='lat' dir='ltr'>ra-</span> 
     </span>
     <span class='ocr_line' id='line_1_16' title="bbox 119 1856 1367 1951; baseline 0.001 -29"><span class='ocrx_word' id='word_1_127' title='bbox 119 1858 219 1924; x_wconf 89' lang='lat' dir='ltr'>eautis</span> <span class='ocrx_word' id='word_1_128' title='bbox 242 1858 278 1923; x_wconf 88' lang='lat' dir='ltr'>fit</span> <span class='ocrx_word' id='word_1_129' title='bbox 301 1856 501 1940; x_wconf 89' lang='lat' dir='ltr'>impossibilis</span> <span class='ocrx_word' id='word_1_130' title='bbox 530 1858 605 1940; x_wconf 91' lang='lat' dir='ltr'>quin</span> <span class='ocrx_word' id='word_1_131' title='bbox 634 1856 674 1923; x_wconf 87' lang='lat' dir='ltr'>ad</span> <span class='ocrx_word' id='word_1_132' title='bbox 703 1857 807 1923; x_wconf 86' lang='lat' dir='ltr'>sedem</span> <span class='ocrx_word' id='word_1_133' title='bbox 828 1858 1028 1941; x_wconf 87' lang='lat' dir='ltr'>apostolicam</span> <span class='ocrx_word' id='word_1_134' title='bbox 1052 1860 1229 1951; x_wconf 79' lang='lat' dir='ltr'>recurratur</span> <span class='ocrx_word' id='word_1_135' title='bbox 1252 1859 1288 1921; x_wconf 89' lang='lat' dir='ltr'>ut</span> <span class='ocrx_word' id='word_1_136' title='bbox 1307 1877 1367 1941; x_wconf 89' lang='lat' dir='ltr'>po-</span> 
     </span>
     <span class='ocr_line' id='line_1_17' title="bbox 119 1960 760 2029; baseline 0 -2"><span class='ocrx_word' id='word_1_137' title='bbox 119 1964 255 2029; x_wconf 84' lang='lat' dir='ltr'>testates</span> <span class='ocrx_word' id='word_1_138' title='bbox 270 1960 529 2027; x_wconf 82' lang='lat' dir='ltr'>extraordinariae</span> <span class='ocrx_word' id='word_1_139' title='bbox 551 1961 760 2027; x_wconf 86' lang='lat' dir='ltr'>obtineantur.</span> 
     </span>
    </p>
   </div>
   <div class='ocr_carea' id='block_1_4' title="bbox 120 2092 1366 2286">
    <p class='ocr_par' dir='ltr' id='par_1_4' title="bbox 120 2092 1366 2286">
     <span class='ocr_line' id='line_1_18' title="bbox 222 2092 1366 2177; baseline -0.002 -19"><span class='ocrx_word' id='word_1_140' title='bbox 222 2092 407 2177; x_wconf 90' lang='lat' dir='ltr'>Nuperrime</span> <span class='ocrx_word' id='word_1_141' title='bbox 428 2093 532 2157; x_wconf 90' lang='lat' dir='ltr'>autem</span> <span class='ocrx_word' id='word_1_142' title='bbox 557 2092 749 2177; x_wconf 78' lang='lat' dir='ltr'>Gubernium</span> <span class='ocrx_word' id='word_1_143' title='bbox 774 2093 865 2158; x_wconf 88' lang='lat' dir='ltr'>aliter</span> <span class='ocrx_word' id='word_1_144' title='bbox 888 2094 1056 2177; x_wconf 82' lang='lat' dir='ltr'>sogessit,</span> <span class='ocrx_word' id='word_1_145' title='bbox 1090 2110 1199 2175; x_wconf 84' lang='lat' dir='ltr'>nempe</span> <span class='ocrx_word' id='word_1_146' title='bbox 1228 2111 1283 2176; x_wconf 88' lang='lat' dir='ltr'>pro</span> <span class='ocrx_word' id='word_1_147' title='bbox 1314 2111 1366 2156; x_wconf 91' lang='lat' dir='ltr'>ar·</span> 
     </span>
     <span class='ocr_line' id='line_1_19' title="bbox 120 2196 1118 2286; baseline -0.002 -23"><span class='ocrx_word' id='word_1_148' title='bbox 120 2198 222 2278; x_wconf 91' lang='lat' dir='ltr'>bitrio,</span> <span class='ocrx_word' id='word_1_149' title='bbox 246 2197 466 2281; x_wconf 85' lang='lat' dir='ltr'>praetcrmissa</span> <span class='ocrx_word' id='word_1_150' title='bbox 488 2198 596 2282; x_wconf 89' lang='lat' dir='ltr'>quavis</span> <span class='ocrx_word' id='word_1_151' title='bbox 617 2197 686 2282; x_wconf 85' lang='lat' dir='ltr'>lege</span> <span class='ocrx_word' id='word_1_152' title='bbox 710 2199 766 2262; x_wconf 89' lang='lat' dir='ltr'>aut</span> <span class='ocrx_word' id='word_1_153' title='bbox 788 2196 1020 2286; x_wconf 86' lang='lat' dir='ltr'>cousuetudine.</span> <span class='ocrx_word' id='word_1_154' title='bbox 1115 2225 1118 2226; x_wconf 30' lang='lat' dir='ltr'><em>f</em></span> 
     </span>
    </p>
   </div>
   <div class='ocr_carea' id='block_1_5' title="bbox 44 2326 1432 3961">
    <p class='ocr_par' dir='ltr' id='par_1_5' title="bbox 44 2326 1432 3961">
     <span class='ocr_line' id='line_1_20' title="bbox 222 2326 1366 2403; baseline -0.002 -10"><span class='ocrx_word' id='word_1_155' title='bbox 222 2330 298 2394; x_wconf 91' lang='lat' dir='ltr'>Post</span> <span class='ocrx_word' id='word_1_156' title='bbox 327 2328 447 2394; x_wconf 89' lang='lat' dir='ltr'>obitum</span> <span class='ocrx_word' id='word_1_157' title='bbox 477 2330 559 2394; x_wconf 90' lang='lat' dir='ltr'>enirn</span> <span class='ocrx_word' id='word_1_158' title='bbox 590 2328 657 2393; x_wconf 91' lang='lat' dir='ltr'>Ern.</span> <span class='ocrx_word' id='word_1_159' title='bbox 688 2326 862 2393; x_wconf 68' lang='lat' dir='ltr'>cardinalis</span> <span class='ocrx_word' id='word_1_160' title='bbox 894 2328 1033 2403; x_wconf 76' lang='lat' dir='ltr'>bonnet,</span> <span class='ocrx_word' id='word_1_161' title='bbox 1068 2345 1172 2392; x_wconf 91' lang='lat' dir='ltr'>mense</span> <span class='ocrx_word' id='word_1_162' title='bbox 1206 2326 1366 2393; x_wconf 89' lang='lat' dir='ltr'>decembri</span> 
     </span>
     <span class='ocr_line' id='line_1_21' title="bbox 119 2431 1432 2524; baseline -0.002 -27"><span class='ocrx_word' id='word_1_163' title='bbox 119 2431 191 2497; x_wconf 90' lang='lat' dir='ltr'>anni</span> <span class='ocrx_word' id='word_1_164' title='bbox 213 2433 319 2516; x_wconf 90' lang='lat' dir='ltr'>elapsi,</span> <span class='ocrx_word' id='word_1_165' title='bbox 344 2435 475 2498; x_wconf 86' lang='lat' dir='ltr'>vacante</span> <span class='ocrx_word' id='word_1_166' title='bbox 498 2432 570 2497; x_wconf 91' lang='lat' dir='ltr'>sede</span> <span class='ocrx_word' id='word_1_167' title='bbox 594 2431 823 2516; x_wconf 83' lang='lat' dir='ltr'>Burdigalensi,</span> <span class='ocrx_word' id='word_1_168' title='bbox 853 2432 917 2497; x_wconf 89' lang='lat' dir='ltr'>tres</span> <span class='ocrx_word' id='word_1_169' title='bbox 940 2432 1007 2516; x_wconf 90' lang='lat' dir='ltr'>ejus</span> <span class='ocrx_word' id='word_1_170' title='bbox 1029 2432 1137 2497; x_wconf 87' lang='lat' dir='ltr'>vicarii</span> <span class='ocrx_word' id='word_1_171' title='bbox 1160 2431 1320 2515; x_wconf 89' lang='lat' dir='ltr'>generales</span> <span class='ocrx_word' id='word_1_172' title='bbox 1343 2450 1365 2495; x_wconf 93' lang='lat' dir='ltr'>a</span> <span class='ocrx_word' id='word_1_173' title='bbox 1428 2515 1432 2524; x_wconf 28' lang='grc'>1</span> 
     </span>
     <span class='ocr_line' id='line_1_22' title="bbox 120 2536 1364 2620; baseline -0.002 -19"><span class='ocrx_word' id='word_1_174' title='bbox 120 2537 262 2620; x_wconf 85' lang='lat' dir='ltr'>Capitale</span> <span class='ocrx_word' id='word_1_175' title='bbox 282 2536 313 2601; x_wconf 92' lang='lat' dir='ltr'>in</span> <span class='ocrx_word' id='word_1_176' title='bbox 337 2537 523 2620; x_wconf 88' lang='lat' dir='ltr'>capitulares</span> <span class='ocrx_word' id='word_1_177' title='bbox 546 2536 637 2601; x_wconf 88' lang='lat' dir='ltr'>electi</span> <span class='ocrx_word' id='word_1_178' title='bbox 661 2536 797 2615; x_wconf 83' lang='lat' dir='ltr'>luerunt,</span> <span class='ocrx_word' id='word_1_179' title='bbox 821 2537 990 2620; x_wconf 88' lang='lat' dir='ltr'>statimque</span> <span class='ocrx_word' id='word_1_180' title='bbox 1013 2555 1118 2602; x_wconf 90' lang='lat' dir='ltr'>eorum</span> <span class='ocrx_word' id='word_1_181' title='bbox 1136 2536 1303 2606; x_wconf 88' lang='lat' dir='ltr'>nominatio</span> <span class='ocrx_word' id='word_1_182' title='bbox 1320 2536 1364 2599; x_wconf 90' lang='lat' dir='ltr'>ad</span> 
     </span>
     <span class='ocr_line' id='line_1_23' title="bbox 119 2639 1364 2725; baseline -0.003 -18"><span class='ocrx_word' id='word_1_183' title='bbox 119 2641 268 2707; x_wconf 78' lang='lat' dir='ltr'>Gubernii</span> <span class='ocrx_word' id='word_1_184' title='bbox 289 2660 447 2706; x_wconf 87' lang='lat' dir='ltr'>assensum</span> <span class='ocrx_word' id='word_1_185' title='bbox 470 2641 669 2725; x_wconf 90' lang='lat' dir='ltr'>praesentata</span> <span class='ocrx_word' id='word_1_186' title='bbox 691 2641 760 2705; x_wconf 87' lang='lat' dir='ltr'>fuit.</span> <span class='ocrx_word' id='word_1_187' title='bbox 792 2640 876 2706; x_wconf 89' lang='lat' dir='ltr'>Illud</span> <span class='ocrx_word' id='word_1_188' title='bbox 899 2660 969 2706; x_wconf 87' lang='lat' dir='ltr'>rere</span> <span class='ocrx_word' id='word_1_189' title='bbox 986 2642 1045 2707; x_wconf 91' lang='lat' dir='ltr'>hac</span> <span class='ocrx_word' id='word_1_190' title='bbox 1061 2640 1098 2706; x_wconf 92' lang='lat' dir='ltr'>de</span> <span class='ocrx_word' id='word_1_191' title='bbox 1113 2639 1364 2724; x_wconf 88' lang='lat' dir='ltr'>praesentatione</span> 
     </span>
     <span class='ocr_line' id='line_1_24' title="bbox 119 2743 1366 2829; baseline -0.002 -19"><span class='ocrx_word' id='word_1_192' title='bbox 119 2766 156 2811; x_wconf 91' lang='lat' dir='ltr'>ne</span> <span class='ocrx_word' id='word_1_193' title='bbox 179 2765 273 2810; x_wconf 91' lang='lat' dir='ltr'>unum</span> <span class='ocrx_word' id='word_1_194' title='bbox 295 2746 420 2829; x_wconf 89' lang='lat' dir='ltr'>quidem</span> <span class='ocrx_word' id='word_1_195' title='bbox 436 2746 562 2811; x_wconf 84' lang='lat' dir='ltr'>verbum</span> <span class='ocrx_word' id='word_1_196' title='bbox 580 2746 747 2828; x_wconf 89' lang='lat' dir='ltr'>respondit,</span> <span class='ocrx_word' id='word_1_197' title='bbox 771 2745 825 2809; x_wconf 91' lang='lat' dir='ltr'>sed</span> <span class='ocrx_word' id='word_1_198' title='bbox 848 2746 888 2810; x_wconf 91' lang='lat' dir='ltr'>ad</span> <span class='ocrx_word' id='word_1_199' title='bbox 907 2746 1067 2811; x_wconf 90' lang='lat' dir='ltr'>Decanum</span> <span class='ocrx_word' id='word_1_200' title='bbox 1084 2744 1221 2829; x_wconf 84' lang='lat' dir='ltr'>Capituli</span> <span class='ocrx_word' id='word_1_201' title='bbox 1237 2743 1366 2827; x_wconf 89' lang='lat' dir='ltr'>scripsit</span> 
     </span>
     <span class='ocr_line' id='line_1_25' title="bbox 118 2848 1365 2933; baseline -0.003 -18"><span class='ocrx_word' id='word_1_202' title='bbox 118 2869 151 2915; x_wconf 90' lang='lat' dir='ltr'>se</span> <span class='ocrx_word' id='word_1_203' title='bbox 173 2849 262 2929; x_wconf 87' lang='lat' dir='ltr'>velle,</span> <span class='ocrx_word' id='word_1_204' title='bbox 285 2850 472 2933; x_wconf 89' lang='lat' dir='ltr'>perdurante</span> <span class='ocrx_word' id='word_1_205' title='bbox 494 2851 654 2915; x_wconf 84' lang='lat' dir='ltr'>vacatione</span> <span class='ocrx_word' id='word_1_206' title='bbox 674 2850 774 2929; x_wconf 88' lang='lat' dir='ltr'>sedis,</span> <span class='ocrx_word' id='word_1_207' title='bbox 799 2868 869 2914; x_wconf 91' lang='lat' dir='ltr'>cum</span> <span class='ocrx_word' id='word_1_208' title='bbox 892 2850 958 2933; x_wconf 92' lang='lat' dir='ltr'>ipso</span> <span class='ocrx_word' id='word_1_209' title='bbox 978 2851 1121 2929; x_wconf 90' lang='lat' dir='ltr'>tautum,</span> <span class='ocrx_word' id='word_1_210' title='bbox 1145 2851 1193 2914; x_wconf 89' lang='lat' dir='ltr'>uti</span> <span class='ocrx_word' id='word_1_211' title='bbox 1216 2848 1365 2914; x_wconf 81' lang='lat' dir='ltr'>dioecesis</span> 
     </span>
     <span class='ocr_line' id='line_1_26' title="bbox 119 2953 1364 3046; baseline -0.002 -27"><span class='ocrx_word' id='word_1_212' title='bbox 119 2954 230 3038; x_wconf 89' lang='lat' dir='ltr'>capite,</span> <span class='ocrx_word' id='word_1_213' title='bbox 251 2954 486 3019; x_wconf 88' lang='lat' dir='ltr'>communicare.</span> <span class='ocrx_word' id='word_1_214' title='bbox 532 2954 645 3018; x_wconf 83' lang='lat' dir='ltr'>Infelix</span> <span class='ocrx_word' id='word_1_215' title='bbox 667 2956 772 3019; x_wconf 89' lang='lat' dir='ltr'>autern</span> <span class='ocrx_word' id='word_1_216' title='bbox 797 2954 957 3046; x_wconf 78' lang='lat' dir='ltr'>Decanus,</span> <span class='ocrx_word' id='word_1_217' title='bbox 984 2956 1037 3039; x_wconf 87' lang='lat' dir='ltr'>qui</span> <span class='ocrx_word' id='word_1_218' title='bbox 1060 2974 1093 3020; x_wconf 89' lang='lat' dir='ltr'>se</span> <span class='ocrx_word' id='word_1_219' title='bbox 1117 2954 1236 3019; x_wconf 88' lang='lat' dir='ltr'>nnllam</span> <span class='ocrx_word' id='word_1_220' title='bbox 1257 2953 1364 3037; x_wconf 86' lang='lat' dir='ltr'>potes·</span> 
     </span>
     <span class='ocr_line' id='line_1_27' title="bbox 119 3057 1371 3143; baseline -0.003 -19"><span class='ocrx_word' id='word_1_221' title='bbox 119 3060 216 3124; x_wconf 88' lang='lat' dir='ltr'>tatern</span> <span class='ocrx_word' id='word_1_222' title='bbox 244 3057 372 3143; x_wconf 86' lang='lat' dir='ltr'>regendi</span> <span class='ocrx_word' id='word_1_223' title='bbox 398 3058 561 3124; x_wconf 88' lang='lat' dir='ltr'>dioecesim</span> <span class='ocrx_word' id='word_1_224' title='bbox 592 3057 704 3124; x_wconf 84' lang='lat' dir='ltr'>habere</span> <span class='ocrx_word' id='word_1_225' title='bbox 735 3058 852 3142; x_wconf 90' lang='lat' dir='ltr'>optime</span> <span class='ocrx_word' id='word_1_226' title='bbox 881 3059 1016 3137; x_wconf 88' lang='lat' dir='ltr'>sciebat,</span> <span class='ocrx_word' id='word_1_227' title='bbox 1047 3060 1173 3127; x_wconf 83' lang='lat' dir='ltr'>omnino</span> <span class='ocrx_word' id='word_1_228' title='bbox 1201 3057 1371 3142; x_wconf 82' lang='lat' dir='ltr'>perplexus-</span> 
     </span>
     <span class='ocr_line' id='line_1_28' title="bbox 118 3161 1363 3247; baseline -0.002 -19"><span class='ocrx_word' id='word_1_229' title='bbox 118 3165 260 3229; x_wconf 88' lang='lat' dir='ltr'>versatus</span> <span class='ocrx_word' id='word_1_230' title='bbox 286 3167 343 3232; x_wconf 86' lang='lat' dir='ltr'>est.</span> <span class='ocrx_word' id='word_1_231' title='bbox 394 3164 504 3230; x_wconf 89' lang='lat' dir='ltr'>Noluit</span> <span class='ocrx_word' id='word_1_232' title='bbox 533 3164 666 3247; x_wconf 90' lang='lat' dir='ltr'>primum</span> <span class='ocrx_word' id='word_1_233' title='bbox 697 3162 883 3229; x_wconf 88' lang='lat' dir='ltr'>decisionem</span> <span class='ocrx_word' id='word_1_234' title='bbox 914 3163 1065 3229; x_wconf 83' lang='lat' dir='ltr'>Gubernii</span> <span class='ocrx_word' id='word_1_235' title='bbox 1095 3164 1273 3247; x_wconf 88' lang='lat' dir='ltr'>acceptare,</span> <span class='ocrx_word' id='word_1_236' title='bbox 1307 3161 1363 3225; x_wconf 90' lang='lat' dir='ltr'>sed</span> 
     </span>
     <span class='ocr_line' id='line_1_29' title="bbox 118 3258 1363 3352; baseline -0.002 -19"><span class='ocrx_word' id='word_1_237' title='bbox 118 3268 279 3334; x_wconf 86' lang='lat' dir='ltr'>festinavit</span> <span class='ocrx_word' id='word_1_238' title='bbox 302 3269 341 3333; x_wconf 89' lang='lat' dir='ltr'>ad</span> <span class='ocrx_word' id='word_1_239' title='bbox 363 3268 518 3334; x_wconf 88' lang='lat' dir='ltr'>Nuntium</span> <span class='ocrx_word' id='word_1_240' title='bbox 541 3266 754 3352; x_wconf 86' lang='lat' dir='ltr'>Apostolioum</span> <span class='ocrx_word' id='word_1_241' title='bbox 778 3268 907 3333; x_wconf 87' lang='lat' dir='ltr'>Parisiis</span> <span class='ocrx_word' id='word_1_242' title='bbox 936 3258 1176 3333; x_wconf 79' lang='lat' dir='ltr'>commorantem</span> <span class='ocrx_word' id='word_1_243' title='bbox 1207 3284 1363 3331; x_wconf 89' lang='lat' dir='ltr'>recurrere</span> 
     </span>
     <span class='ocr_line' id='line_1_30' title="bbox 119 3370 1362 3458; baseline -0.003 -21"><span class='ocrx_word' id='word_1_244' title='bbox 119 3372 151 3437; x_wconf 90' lang='lat' dir='ltr'>et</span> <span class='ocrx_word' id='word_1_245' title='bbox 173 3374 248 3437; x_wconf 92' lang='lat' dir='ltr'>tunc</span> <span class='ocrx_word' id='word_1_246' title='bbox 270 3373 426 3438; x_wconf 88' lang='lat' dir='ltr'>licentiam</span> <span class='ocrx_word' id='word_1_247' title='bbox 450 3373 570 3455; x_wconf 86' lang='lat' dir='ltr'>accepit</span> <span class='ocrx_word' id='word_1_248' title='bbox 591 3372 736 3458; x_wconf 85' lang='lat' dir='ltr'>signandi</span> <span class='ocrx_word' id='word_1_249' title='bbox 752 3391 857 3437; x_wconf 90' lang='lat' dir='ltr'>omues</span> <span class='ocrx_word' id='word_1_250' title='bbox 872 3373 995 3438; x_wconf 85' lang='lat' dir='ltr'>litteras</span> <span class='ocrx_word' id='word_1_251' title='bbox 1012 3372 1154 3438; x_wconf 88' lang='lat' dir='ltr'>derebus</span> <span class='ocrx_word' id='word_1_252' title='bbox 1174 3370 1362 3437; x_wconf 90' lang='lat' dir='ltr'>dioecesanis</span> 
     </span>
     <span class='ocr_line' id='line_1_31' title="bbox 119 3474 1359 3560; baseline -0.002 -19"><span class='ocrx_word' id='word_1_253' title='bbox 119 3478 158 3542; x_wconf 92' lang='lat' dir='ltr'>ad</span> <span class='ocrx_word' id='word_1_254' title='bbox 180 3477 348 3560; x_wconf 88' lang='lat' dir='ltr'>potestates</span> <span class='ocrx_word' id='word_1_255' title='bbox 370 3476 476 3541; x_wconf 82' lang='lat' dir='ltr'>civiles</span> <span class='ocrx_word' id='word_1_256' title='bbox 499 3476 642 3543; x_wconf 89' lang='lat' dir='ltr'>directas.</span> <span class='ocrx_word' id='word_1_257' title='bbox 689 3476 805 3543; x_wconf 89' lang='lat' dir='ltr'>Vicarii</span> <span class='ocrx_word' id='word_1_258' title='bbox 835 3477 940 3543; x_wconf 89' lang='lat' dir='ltr'>autem</span> <span class='ocrx_word' id='word_1_259' title='bbox 967 3475 1154 3560; x_wconf 89' lang='lat' dir='ltr'>capitulares</span> <span class='ocrx_word' id='word_1_260' title='bbox 1176 3476 1236 3541; x_wconf 90' lang='lat' dir='ltr'>rite</span> <span class='ocrx_word' id='word_1_261' title='bbox 1258 3476 1291 3540; x_wconf 94' lang='lat' dir='ltr'>et</span> <span class='ocrx_word' id='word_1_262' title='bbox 1312 3474 1359 3540; x_wconf 92' lang='lat' dir='ltr'>le-</span> 
     </span>
     <span class='ocr_line' id='line_1_32' title="bbox 44 3578 1361 3666; baseline -0.002 -20"><span class='ocrx_word' id='word_1_263' title='bbox 44 3588 46 3592; x_wconf 83' lang='lat'>&#39;</span> <span class='ocrx_word' id='word_1_264' title='bbox 119 3581 229 3666; x_wconf 87' lang='lat' dir='ltr'>gitime</span> <span class='ocrx_word' id='word_1_265' title='bbox 249 3580 358 3657; x_wconf 89' lang='lat' dir='ltr'>electi,</span> <span class='ocrx_word' id='word_1_266' title='bbox 390 3580 693 3646; x_wconf 86' lang='lat' dir='ltr'>administrationem</span> <span class='ocrx_word' id='word_1_267' title='bbox 721 3582 915 3665; x_wconf 86' lang='lat' dir='ltr'>spiritualem</span> <span class='ocrx_word' id='word_1_268' title='bbox 939 3583 972 3646; x_wconf 90' lang='lat' dir='ltr'>et</span> <span class='ocrx_word' id='word_1_269' title='bbox 991 3581 1194 3666; x_wconf 87' lang='lat' dir='ltr'>temporalem</span> <span class='ocrx_word' id='word_1_270' title='bbox 1214 3578 1361 3645; x_wconf 88' lang='lat' dir='ltr'>dioecesis</span> 
     </span>
     <span class='ocr_line' id='line_1_33' title="bbox 118 3681 1362 3770; baseline -0.003 -19"><span class='ocrx_word' id='word_1_271' title='bbox 118 3704 188 3751; x_wconf 91' lang='lat' dir='ltr'>vere</span> <span class='ocrx_word' id='word_1_272' title='bbox 210 3703 265 3767; x_wconf 89' lang='lat' dir='ltr'>per</span> <span class='ocrx_word' id='word_1_273' title='bbox 288 3704 320 3750; x_wconf 94' lang='lat' dir='ltr'>se</span> <span class='ocrx_word' id='word_1_274' title='bbox 343 3686 560 3764; x_wconf 80' lang='lat' dir='ltr'>exercuerunt,</span> <span class='ocrx_word' id='word_1_275' title='bbox 590 3685 647 3749; x_wconf 92' lang='lat' dir='ltr'>sub</span> <span class='ocrx_word' id='word_1_276' title='bbox 672 3685 795 3751; x_wconf 90' lang='lat' dir='ltr'>nornine</span> <span class='ocrx_word' id='word_1_277' title='bbox 817 3705 887 3751; x_wconf 86' lang='lat' dir='ltr'>vero</span> <span class='ocrx_word' id='word_1_278' title='bbox 907 3681 1042 3766; x_wconf 87' lang='lat' dir='ltr'>Decani,</span> <span class='ocrx_word' id='word_1_279' title='bbox 1073 3685 1195 3770; x_wconf 87' lang='lat' dir='ltr'>quando</span> <span class='ocrx_word' id='word_1_280' title='bbox 1219 3685 1290 3749; x_wconf 89' lang='lat' dir='ltr'>acta</span> <span class='ocrx_word' id='word_1_281' title='bbox 1312 3682 1362 3748; x_wconf 86' lang='lat' dir='ltr'>vel</span> 
     </span>
     <span class='ocr_line' id='line_1_34' title="bbox 120 3775 1362 3873; baseline -0.002 -18"><span class='ocrx_word' id='word_1_282' title='bbox 120 3788 240 3873; x_wconf 83' lang='lat' dir='ltr'>agenda</span> <span class='ocrx_word' id='word_1_283' title='bbox 259 3788 408 3872; x_wconf 90' lang='lat' dir='ltr'>potestati</span> <span class='ocrx_word' id='word_1_284' title='bbox 429 3788 513 3854; x_wconf 87' lang='lat' dir='ltr'>civili</span> <span class='ocrx_word' id='word_1_285' title='bbox 534 3790 729 3873; x_wconf 87' lang='lat' dir='ltr'>agnoscenda</span> <span class='ocrx_word' id='word_1_286' title='bbox 751 3790 973 3873; x_wconf 89' lang='lat' dir='ltr'>praesciebant.</span> <span class='ocrx_word' id='word_1_287' title='bbox 1008 3788 1060 3856; x_wconf 88' lang='lat' dir='ltr'>Sic</span> <span class='ocrx_word' id='word_1_288' title='bbox 1082 3808 1131 3855; x_wconf 91' lang='lat' dir='ltr'>res</span> <span class='ocrx_word' id='word_1_289' title='bbox 1150 3775 1295 3854; x_wconf 76' lang='lat' dir='ltr'>abierunt</span> <span class='ocrx_word' id='word_1_290' title='bbox 1308 3806 1362 3871; x_wconf 88' lang='lat' dir='ltr'>per</span> 
     </span>
     <span class='ocr_line' id='line_1_35' title="bbox 120 3893 736 3961; baseline 0.002 -3"><span class='ocrx_word' id='word_1_291' title='bbox 120 3894 149 3958; x_wconf 91' lang='lat'>8.</span> <span class='ocrx_word' id='word_1_292' title='bbox 173 3895 229 3958; x_wconf 91' lang='lat' dir='ltr'>aut</span> <span class='ocrx_word' id='word_1_293' title='bbox 251 3894 281 3961; x_wconf 79' lang='lat'>9.</span> <span class='ocrx_word' id='word_1_294' title='bbox 305 3910 425 3957; x_wconf 90' lang='lat' dir='ltr'>menses</span> <span class='ocrx_word' id='word_1_295' title='bbox 451 3893 621 3959; x_wconf 86' lang='lat' dir='ltr'>vacationis</span> <span class='ocrx_word' id='word_1_296' title='bbox 643 3893 736 3961; x_wconf 89' lang='lat' dir='ltr'>sedis.</span> 
     </span>
    </p>
   </div>
   <div class='ocr_carea' id='block_1_6' title="bbox 118 4020 1363 4633">
    <p class='ocr_par' dir='ltr' id='par_1_6' title="bbox 118 4020 1363 4633">
     <span class='ocr_line' id='line_1_36' title="bbox 221 4020 1362 4110; baseline -0.001 -22"><span class='ocrx_word' id='word_1_297' title='bbox 221 4022 259 4088; x_wconf 95' lang='lat' dir='ltr'>Iu</span> <span class='ocrx_word' id='word_1_298' title='bbox 282 4022 412 4088; x_wconf 89' lang='lat' dir='ltr'>dioecesi</span> <span class='ocrx_word' id='word_1_299' title='bbox 434 4041 505 4089; x_wconf 86' lang='lat' dir='ltr'>vero</span> <span class='ocrx_word' id='word_1_300' title='bbox 528 4024 739 4104; x_wconf 84' lang='lat' dir='ltr'>Ambiauensi,</span> <span class='ocrx_word' id='word_1_301' title='bbox 763 4026 852 4110; x_wconf 90' lang='lat' dir='ltr'>cujus</span> <span class='ocrx_word' id='word_1_302' title='bbox 874 4024 1042 4109; x_wconf 82' lang='lat' dir='ltr'>Episcopus</span> <span class='ocrx_word' id='word_1_303' title='bbox 1063 4023 1097 4089; x_wconf 93' lang='lat' dir='ltr'>in</span> <span class='ocrx_word' id='word_1_304' title='bbox 1119 4024 1224 4091; x_wconf 90' lang='lat' dir='ltr'>sedem</span> <span class='ocrx_word' id='word_1_305' title='bbox 1247 4020 1362 4088; x_wconf 87' lang='lat' dir='ltr'>Burdi-</span> 
     </span>
     <span class='ocr_line' id='line_1_37' title="bbox 119 4127 1363 4214; baseline -0.001 -21"><span class='ocrx_word' id='word_1_306' title='bbox 119 4128 278 4214; x_wconf 82' lang='lat' dir='ltr'>galensem</span> <span class='ocrx_word' id='word_1_307' title='bbox 308 4146 413 4193; x_wconf 89' lang='lat' dir='ltr'>recens</span> <span class='ocrx_word' id='word_1_308' title='bbox 441 4129 611 4195; x_wconf 88' lang='lat' dir='ltr'>translatus</span> <span class='ocrx_word' id='word_1_309' title='bbox 640 4128 717 4211; x_wconf 86' lang='lat' dir='ltr'>fuit,</span> <span class='ocrx_word' id='word_1_310' title='bbox 748 4129 928 4214; x_wconf 82' lang='lat' dir='ltr'>providente</span> <span class='ocrx_word' id='word_1_311' title='bbox 956 4130 1041 4214; x_wconf 89' lang='lat' dir='ltr'>prius</span> <span class='ocrx_word' id='word_1_312' title='bbox 1069 4128 1248 4213; x_wconf 85' lang='lat' dir='ltr'>Apostoliea</span> <span class='ocrx_word' id='word_1_313' title='bbox 1278 4127 1363 4206; x_wconf 91' lang='lat' dir='ltr'>sede,</span> 
     </span>
     <span class='ocr_line' id='line_1_38' title="bbox 119 4231 1363 4316; baseline -0.002 -18"><span class='ocrx_word' id='word_1_314' title='bbox 119 4234 206 4298; x_wconf 91' lang='lat' dir='ltr'>nulla</span> <span class='ocrx_word' id='word_1_315' title='bbox 228 4232 359 4299; x_wconf 84' lang='lat' dir='ltr'>surrexit</span> <span class='ocrx_word' id='word_1_316' title='bbox 380 4231 550 4297; x_wconf 89' lang='lat' dir='ltr'>difficultas</span> <span class='ocrx_word' id='word_1_317' title='bbox 573 4234 709 4316; x_wconf 89' lang='lat' dir='ltr'>capitulo</span> <span class='ocrx_word' id='word_1_318' title='bbox 724 4234 809 4301; x_wconf 90' lang='lat' dir='ltr'>intra</span> <span class='ocrx_word' id='word_1_319' title='bbox 827 4234 1020 4300; x_wconf 86' lang='lat' dir='ltr'>vacationem</span> <span class='ocrx_word' id='word_1_320' title='bbox 1036 4234 1128 4301; x_wconf 87' lang='lat' dir='ltr'>sedis.</span> <span class='ocrx_word' id='word_1_321' title='bbox 1152 4233 1234 4299; x_wconf 89' lang='lat' dir='ltr'>Nam</span> <span class='ocrx_word' id='word_1_322' title='bbox 1255 4232 1363 4298; x_wconf 91' lang='lat' dir='ltr'>eodem</span> 
     </span>
     <span class='ocr_line' id='line_1_39' title="bbox 118 4337 1362 4423; baseline -0.001 -20"><span class='ocrx_word' id='word_1_323' title='bbox 118 4337 168 4403; x_wconf 88' lang='lat' dir='ltr'>dia</span> <span class='ocrx_word' id='word_1_324' title='bbox 188 4356 249 4421; x_wconf 88' lang='lat' dir='ltr'>quo</span> <span class='ocrx_word' id='word_1_325' title='bbox 270 4337 437 4421; x_wconf 80' lang='lat' dir='ltr'>Episcopus</span> <span class='ocrx_word' id='word_1_326' title='bbox 465 4339 583 4403; x_wconf 88' lang='lat' dir='ltr'>certam</span> <span class='ocrx_word' id='word_1_327' title='bbox 608 4339 753 4405; x_wconf 90' lang='lat' dir='ltr'>notitiam</span> <span class='ocrx_word' id='word_1_328' title='bbox 780 4340 878 4423; x_wconf 91' lang='lat' dir='ltr'>ipsius</span> <span class='ocrx_word' id='word_1_329' title='bbox 899 4339 1113 4406; x_wconf 88' lang='lat' dir='ltr'>translationis</span> <span class='ocrx_word' id='word_1_330' title='bbox 1135 4337 1308 4422; x_wconf 89' lang='lat' dir='ltr'>accipiebat</span> <span class='ocrx_word' id='word_1_331' title='bbox 1330 4337 1362 4402; x_wconf 94' lang='lat' dir='ltr'>et</span> 
     </span>
     <span class='ocr_line' id='line_1_40' title="bbox 120 4441 1361 4530; baseline -0.002 -22"><span class='ocrx_word' id='word_1_332' title='bbox 120 4442 298 4527; x_wconf 81' lang='lat' dir='ltr'>Capitulum</span> <span class='ocrx_word' id='word_1_333' title='bbox 321 4441 543 4523; x_wconf 85' lang='lat' dir='ltr'>Ambianeuse,</span> <span class='ocrx_word' id='word_1_334' title='bbox 578 4443 649 4509; x_wconf 91' lang='lat' dir='ltr'>sede</span> <span class='ocrx_word' id='word_1_335' title='bbox 672 4445 820 4524; x_wconf 86' lang='lat' dir='ltr'>vacante,</span> <span class='ocrx_word' id='word_1_336' title='bbox 851 4444 889 4509; x_wconf 90' lang='lat' dir='ltr'>ad</span> <span class='ocrx_word' id='word_1_337' title='bbox 918 4442 1078 4530; x_wconf 87' lang='lat' dir='ltr'>eligendos</span> <span class='ocrx_word' id='word_1_338' title='bbox 1101 4442 1291 4527; x_wconf 86' lang='lat' dir='ltr'>capitulares</span> <span class='ocrx_word' id='word_1_339' title='bbox 1314 4441 1361 4507; x_wconf 84' lang='lat' dir='ltr'>vl·</span> 
     </span>
     <span class='ocr_line' id='line_1_41' title="bbox 118 4544 1360 4633; baseline -0.002 -19"><span class='ocrx_word' id='word_1_340' title='bbox 118 4547 217 4614; x_wconf 87' lang='lat' dir='ltr'>caries</span> <span class='ocrx_word' id='word_1_341' title='bbox 238 4546 399 4613; x_wconf 86' lang='lat' dir='ltr'>convenire</span> <span class='ocrx_word' id='word_1_342' title='bbox 421 4546 597 4629; x_wconf 86' lang='lat' dir='ltr'>statuebat,</span> <span class='ocrx_word' id='word_1_343' title='bbox 624 4550 795 4632; x_wconf 87' lang='lat' dir='ltr'>potestates</span> <span class='ocrx_word' id='word_1_344' title='bbox 818 4548 967 4633; x_wconf 90' lang='lat' dir='ltr'>speciales</span> <span class='ocrx_word' id='word_1_345' title='bbox 988 4566 1025 4615; x_wconf 84' lang='lat' dir='ltr'>ex</span> <span class='ocrx_word' id='word_1_346' title='bbox 1046 4547 1172 4614; x_wconf 88' lang='lat' dir='ltr'>Indulto</span> <span class='ocrx_word' id='word_1_347' title='bbox 1194 4544 1360 4614; x_wconf 88' lang='lat' dir='ltr'>Pontificio</span> 
     </span>
    </p>
   </div>
   <div class='ocr_carea' id='block_1_7' title="bbox 0 0 1528 4859">
    <p class='ocr_par' dir='ltr' id='par_1_7' title="bbox 0 0 1528 4859">
     <span class='ocr_line' id='line_1_42' title="bbox 0 0 1528 4859; baseline 0 0"><span class='ocrx_word' id='word_1_348' title='bbox 0 0 1528 4859; x_wconf 95' lang='lat' dir='ltr'> </span> 
     </span>
    </p>
   </div>
  </div>
 </body>
</html>
