3050 4859
315 139 440 204 126
577 157 801 227 Synod.
838 160 1094 213 dioeces.
1131 159 1441 227 Neapoli-t.
1477 175 1534 212 a.
1573 158 1752 215 1882:
1793 159 2068 228 Append.
2107 161 2532 215 documentor.

521 316 582 395 λ.
672 331 770 394 An
836 330 1025 396 liceat
1084 330 1389 414 propriam
1431 330 1682 398 domum
1730 330 1996 397 externis
2038 332 2378 398 luminibus
2434 350 2653 397 ornare
2699 351 2798 398 oc-

311 432 553 499 casione
598 433 1097 517 inaugurationis
1142 434 1283 500 novi
1331 433 1648 514 Gubernii,
1695 437 1807 500 aut
1848 435 1970 500 alio
2002 435 2195 501 simili
2223 439 2486 512 eventu;
2527 436 2684 502 item
2717 457 2793 504 an

308 537 493 602 liceat
540 537 631 602 uti
674 538 1024 621 insignibus
1071 538 1211 604 novi
1250 537 1587 616 Gubernii‚
1632 539 1978 623 cujusmodi
2025 541 2174 625 sunt
2215 542 2548 620 coccarde,
2599 542 2796 607 vittae

312 642 647 719 tricolores‚
695 645 759 706 et
799 642 924 707 alia
970 642 1034 707 id
1080 643 1326 726 genus?

514 745 593 810 R.
688 745 1053 829 ›Negative‚
1100 745 1429 813 dummodo
1474 764 1594 811 non
1640 746 2008 812 immineant
2037 747 2256 831 gravia
2279 747 2510 819 damna
2534 749 2599 812 et
2629 749 2795 813 absit

539 849 561 912 l
675 874 730 916 .‹

309 849 766 1018 scandasmAn
811 971 852 1017 a
900 952 1079 1019 clero
1139 952 1392 1019 invitari
1464 952 1704 1036 possint
1745 954 2187 1037 gubernativae
2233 955 2667 1035 Auctorifittes
2714 955 2790 1019 ad

308 1057 778 1140 Ecclesiasticas
823 1056 1189 1136 functiones,
1235 1058 1302 1122 et
1343 1056 1397 1121 si
1444 1057 1602 1123 forte
1636 1076 1750 1124 nec
1779 1058 2080 1126 invitatae
2116 1057 2427 1139 intersint,
2467 1078 2545 1123 an
2578 1058 2792 1125 Clerus

307 1162 502 1244 possit
542 1160 618 1225 iis
665 1160 913 1226 honoris
958 1163 1137 1226 actus
1182 1160 1245 1225 in
1293 1161 1742 1227 caeremoniali
1785 1162 2196 1247 praescriptos
2243 1162 2516 1245 tribuere
2534 1165 2567 1228 P

519 1266 585 1329 R.
682 1264 1059 1349 »Negativet
1124 1267 1188 1331 et
1247 1266 1553 1348 quatenus
1595 1285 1716 1334 non
1759 1266 2013 1331 invitati
2057 1266 2504 1345 interveniant,
2573 1266 2789 1333 Olerus

306 1368 547 1453 passive
592 1388 657 1435 se
704 1370 966 1446 habeat;
1018 1369 1133 1434 hoc
1177 1371 1273 1435 est
1310 1369 1626 1435 abstineat
1672 1370 1748 1435 ab
1792 1370 2034 1435 actibus
2078 1369 2432 1460 honorificis
2457 1370 2527 1438 in
2563 1370 2789 1435 Caere-

306 1474 559 1540 moniali
604 1473 1016 1558 praescriptis
1028 1499 1059 1534 ι

510 1580 571 1644 6.
662 1579 763 1644 An
823 1577 1023 1663 excipi
1088 1578 1154 1644 in
1225 1578 1497 1644 Ecclesia
1567 1578 1802 1661 possint
1870 1579 2280 1663 Magistratus
2347 1578 2788 1664 Municipales‚

300 1683 495 1766 iisque
539 1683 734 1748 tribui
778 1682 1025 1748 honoris
1072 1684 1279 1759 actus,
1323 1683 1395 1746 ut
1437 1685 1678 1765 supra?

510 1788 586 1853 R.
681 1785 1170 1864 »Affirmativess
1217 1785 1548 1851 dummodo
1593 1788 1802 1851 tamen
1835 1786 2248 1869 Magistratus
2282 1804 2401 1853 uon
2432 1785 2790 1870 peregerint

302 1892 481 1956 actus
525 1891 881 1973 reprobatos
926 1908 1032 1973 per
1079 1890 1351 1955 Litteras
1396 1890 1781 2022 Apostolicas
1812 1890 1935 1959 diei
1965 1891 2070 1957 26.
2104 1890 2321 1957 Martii
2355 1890 2557 1967 1860;
2603 1907 2786 1953 secus

299 1996 398 2059 ut
414 1995 482 2058 in
528 1994 940 2077 praecedeuti.
950 2018 981 2054 ι

508 2097 566 2161 7.
660 2100 757 2162 An
801 2097 991 2165 liceat
1033 2096 1299 2173 Civicae
1346 2099 1457 2163 aut
1501 2096 1825 2164 Nationali
1870 2097 2134 2166 militiae
2162 2118 2381 2165 nomen
2412 2098 2579 2176 dare,
2621 2117 2787 2181 quae

298 2200 377 2264 ab
422 2199 661 2266 intruso
708 2200 1019 2270 Gubernio
1076 2221 1224 2267 suae
1280 2200 1622 2267 defensioni
1688 2220 1761 2268 ac
1816 2202 2265 2269 conservationi
2324 2203 2389 2267 iu
2452 2200 2788 2289 provinciis

296 2305 613 2389 usurpatis
656 2308 751 2370 est
794 2306 1184 2372 constituta?

505 2410 577 2475 R.
675 2410 1077 2495 ›Negative.«

504 2516 565 2579 8.
655 2512 819 2595 Quid
860 2514 936 2579 de
980 2514 1059 2578 iis
1103 2512 1451 2591 dicendum,
1495 2512 1601 2595 qui
1645 2511 1828 2578 inviti
1874 2512 2344 2578 conscribuntur
2383 2515 2446 2578 et
2492 2512 2570 2578 ad
2609 2532 2784 2578 eam-

296 2617 436 2682 dem
482 2617 775 2682 militiam
820 2617 1153 2683 ineundam
1200 2616 1588 2700 adiguntur?

501 2722 576 2789 R..
670 2722 898 2787 »Posse
941 2719 1470 2787 tolerari.milites
1511 2720 1740 2786 civicos
1763 2721 2027 2801 coactos,
2077 2720 2182 2804 qui
2226 2720 2522 2787 militiam
2547 2720 2781 2804 absque

294 2827 473 2911 gravi
520 2827 742 2893 damno
793 2845 899 2892 seu
964 2824 1345 2893 incommodo
1407 2824 1686 2890 deserere
1751 2826 2101 2910 nequeunt,
2167 2825 2498 2891 dummodo
2566 2826 2778 2889 tamen

294 2932 502 2997 animo
543 2929 749 3015 parati
787 2930 916 3000 sint
960 2949 1096 2994 eam
1129 2929 1420 3004 *deserere
1463 2947 1650 3012 quam
1696 2928 1964 3012 primum
2010 2930 2337 3013 poterunt,
2401 2930 2462 2995 et
2524 2928 2779 2994 interim

293 3037 369 3100 ab
415 3034 699 3101 omnibus
746 3033 989 3100 actibus
1034 3031 1402 3098 hostilitatis
1455 3033 1519 3096 in
1565 3031 1844 3097 subditos
1894 3034 1958 3097 et
2000 3032 2234 3097 milites
2278 3032 2546 3117 legitimi
2594 3032 2778 3097 Prin-

293 3138 479 3223 cipia,
538 3140 601 3203 et
658 3138 737 3204 ab
799 3138 1043 3208 actibus
1107 3137 1321 3203 contra
1382 3136 1546 3203 bona
1605 3136 1748 3220 jura
1812 3138 1877 3203 et
1941 3138 2241 3203 Personas
2303 3136 2778 3203 Ecclesiasticas

294 3243 706 3309 abstineant«

498 3349 559 3413 9.
650 3347 749 3410 An
801 3345 989 3411 liceat
1049 3345 1341 3411 Parochis
1403 3344 1689 3410 elenchos
1753 3342 1898 3407 dare
1938 3362 1975 3408 a
2025 3342 2334 3409 Gubernio
2379 3343 2618 3410 intruso
2662 3362 2773 3429 pro

290 3450 522 3517 Militia
562 3449 903 3528 Nationali‚
952 3450 1016 3515 et
1060 3449 1323 3515 militari
1368 3449 1614 3515 delectu
1658 3448 1937 3513 habendo
1986 3448 2047 3513 in
2095 3448 2410 3531 usurpatis
2439 3447 2769 3532 provinciis

291 3533 707 3640 expostiilatos
730 3557 763 3620 P
2676 3606 2682 3610 .

496 3660 571 3726 R.
662 3658 1049 3744 »Negative3
1110 3659 1173 3724 et
1216 3660 1521 3742 quatenus
1567 3676 1675 3740 per
1722 3657 1844 3723 vim
1885 3656 2030 3721 libri
2077 3656 2468 3735 auferantur,
2530 3655 2767 3739 passive

289 3782 354 3829 se
399 3762 730 3830 habeant«

499 3866 599 3930 10.
692 3864 790 3931 An
834 3865 1020 3931 liceat
1066 3864 1212 3929 dare
1252 3862 1552 3947 suffragia
1597 3862 1674 3928 ad
1723 3862 2140 3946 componenda
2181 3859 2474 3941 Consilia,
2515 3863 2578 3927 et
2624 3863 2767 3928 Mu-

284 3969 581 4053 nicipales
625 3968 1208 4053 Repraesentativas
1255 3968 1593 4046 Personam
1636 3968 1700 4032 et
1745 3986 1825 4032 an
1869 3965 2070 4031 Electi
2102 3966 2339 4050 possint
2364 3966 2563 4031 officio
2587 3966 2765 4051 fungi

289 4072 639 4140 Consiliarii
688 4074 752 4138 et
796 4071 1204 4156 Magistratus
1251 4070 1698 4155 Municipalis?

491 4176 564 4245 R..
661 4174 1043 4240 »Dummodo
1091 4172 1501 4257 Municipales
1547 4191 1666 4237 non
1715 4170 2051 4257 adigantur
2095 4171 2174 4237 acl
2216 4190 2308 4250 ea,
2346 4191 2503 4256 quae
2546 4172 2763 4239 adver·

283 4281 502 4345 santur
538 4279 812 4364 Legibus
841 4278 1083 4344 Divinis
1128 4279 1192 4343 et
1225 4276 1696 4355 Ecclesiasticis‚
1744 4278 1808 4342 et
1845 4294 1910 4341 se
1943 4276 2300 4342 abstineant
2325 4295 2363 4340 a
2393 4277 2764 4359 praestando

279 4382 628 4465 juramento
647 4382 827 4469 juxta
850 4383 1110 4449 formam
1136 4401 1174 4448 a
1200 4381 1510 4447 Gubernio
1532 4381 1810 4447 invasore
1832 4379 2224 4465 propositam,
2252 4398 2427 4463 posse
2445 4378 2758 4448 tolerari«

492 4486 591 4551 11.
663 4488 757 4553 An
806 4488 990 4553 liceat
1034 4486 1110 4551 ad
1158 4486 1531 4572 Magisteria
1562 4502 1938 4564 concurrere,
1985 4501 2178 4566 eaque
2209 4483 2513 4568 suscipere
2553 4484 2765 4551 oblata
