3050 4859
341 154 378 207 K.
397 144 518 221 Bracara,
543 156 607 224 Dus
623 157 822 225 paulianeste
841 155 989 227 Prietlep.
1010 157 1034 210 l.
1055 154 1123 211 Gor.
1140 157 1208 211 vlu·
1329 142 1391 205 221

150 327 181 389 et
202 346 254 409 pro
275 329 414 411 tempore
439 324 587 391 existenti
612 326 730 392 Nuntio
754 328 972 406 Venetiarum,
1000 329 1037 393 ut
1067 347 1137 393 corn
1160 329 1392 413 quibuscunque

150 431 310 515 utriusque
332 450 421 497 sexus
443 429 634 515 Neophytis,
666 431 713 498 uel
738 431 937 509 infidelibus,
965 432 1012 496 uel
1034 432 1183 511 Judnsis,
1202 434 1249 498 rel
1272 434 1393 514 blancis,

150 534 439 623 aliisquepersonis
462 534 670 619 cojuscunque
692 534 801 601 Sectae
826 535 1003 617 hujusmodi
1021 536 1057 601 ‚in
1081 537 1166 602 dicto
1188 537 1392 622 loccpicpro

150 638 285 723 tempore
309 638 545 729 exsistentibus,
575 658 630 703 ¹sen
659 638 691 703 in
723 638 812 705 illum
843 640 930 721 prius
959 640 1089 723 receptis
1109 640 1333 720 ct¹admissia,.
1356 653 1393 706 n'c

150 742 343 823 postmodum
361 742 441 821 inde
458 742 600 827 egressis,
623 760 693 809 uere
712 742 754 812 ,ad
778 742 885 809 Fidem
909 744 1072 823 conversis,
1097 744 1150 827 qni
1172 745 1393 829 antecapere

150 864 234 910 mum
260 847 473 923 matrimonia,
510 847 555 923 ut·
577 846 766 930 praefertur,
798 847 1022 925 contraxerint,
1058 850 1097 914 ut
1123 849 1391 931 eoromacuilibst,
1456 928 1460 932 .

150 934 244 1016 etiam
268 951 433 1035 superstite
457 950 594 1036 Conjuge
614 948 746 1029 Infideli,
770 949 899 1027 Judaeo,
924 953 957 1016 et
978 952 1090 1030 Taren,
1110 952 1207 1023 eldam
1229 953 1297 1036 ejrrs
1320 972 1392 1018 con·

149 1072 240 1125 seusu
264 1055 310 1125 uel
328 1054 474 1139 requisito
493 1056 526 1127 et
549 1071 607 1119 nou
631 1056 801 1139 expectato,
825 1054 1022 1121 vel-minime
1043 1055 1393 1139 requisitadummodo

128 1157 243 1224 ,etiam
266 1158 337 1223 Tibi
360 1160 479 1225 constet
501 1158 671 1225 summarie
692 1161 724 1223 ct
743 1158 1028 1241 exlrajudieialitcr,
1052 1160 1213 1244 conjugem
1233 1162 1393 1225 absentem

150 1261 267 1325 moneri
289 1262 428 1347 legitime
449 1282 509 1329 non
531 1280 633 1345 posse,
667 1263 721 1327 aut
744 1263 897 1330 monitum
919 1264 1002 1328 inira
1022 1266 1148 1347 ⁴ternpus
1168 1265 1200 1328 in
1224 1264 1393 1331 monitione

150 1365 317 1447 praefixum
339 1385 428 1431 suam
452 1366 643 1431 uoluntatem
667 1365 844 1450 significare
859 1367 1049 1450 neglexisse;
1073 1368 1305 1435 matrimonium
1315 1388 1391 1433 >curu

149 1470 256 1551 quisvis
279 1469 459 1553 bidense
489 1468 666 1549 Catholico,
697 1470 875 1552 praemissis
898 1471 982 1555 prius
1004 1471 1313 1553 proclamationibus,
1327 1490 1391 1537 issu

71 1652 77 1661 Ι
151 1574 436 1639 denuntiationibus
460 1594 478 1637 a
500 1573 635 1639 Concilio
663 1573 846 1640 Tridentino
873 1574 1089 1657 praescriptis,
1123 1576 1156 1641 is
1187 1576 1399 1641 faciemus-1

150 1677 262 1744 clesiae
284 1679 345 1745 rite
365 1676 561 1757 contrahere,
574 1720 576 1723 -
590 1696 627 1761 ac
657 1678 775 1761 carnali
805 1679 915 1763 copula
937 1697 1149 1745 consummare
1168 1682 1206 1745 et
1227 1680 1259 1745 iu
1281 1679 1393 1745 matri-

150 1781 254 1861 monio
274 1782 319 1848 sic
341 1782 519 1871 contracto,
531 1782 631 1867 quoad
655 1782 797 1860 vixerint,
817 1802 977 1850 remanere
999 1784 1095 1850 libere
1108 1786 1150 1854 'et
1163 1784 1248 1850 licite
1263 1784 1395 1867 possint,

150 1884 335 1954 auctoritate
356 1886 472 1953 Nostra
495 1886 674 1969 Apostolica
694 1886 851 1970 dispenses
874 1887 1100 1971 etindulgeas.
1146 1889 1311 1953 hectorea
1324 1893 1394 1953 mss

149 1988 297 2055 trimonia
319 1990 400 2077 inter
418 1991 599 2075 Neophytos
623 1990 818 2074 hujusmodi,
850 1993 883 2069 et
903 1992 987 2058 ‘alios
1014 1992 1147 2057 Fideles·
1164 1994 1197 2059 et
1216 1992 1394 2059 (letbelieos

151 2091 229 2163 alias
251 2092 311 2157 rite
333 2095 508 2173 contracta,
540 2094 663 2161 etiamsi
689 2094 888 2178 postmodum
908 2095 1215 2179 innotueritpriores
1240 2096 1393 2181 Conjuges

150 2194 309 2277 Infideles,
332 2197 381 2261 uel
403 2198 537 2277 Turcas,
561 2198 787 2277 autdudaeos,
812 2200 976 2265 nonnullis
989 2200 1140 2283 legitimis
1163 2200 1394 2282 impedimentis

150 2299 299 2380 detentos
324 2320 413 2367 suam
436 2302 632 2383 voluntatem
653 2303 830 2387 significare
852 2304 981 2370 minime
1002 2304 1222 2387 potuisse-vel
1244 2304 1284 2369 ad
1295 2305 1393 2371 iidem

150 2403 244 2470 etiam
267 2406 405 2488 tempore
434 2406 560 2473 secundi
592 2407 785 2473 matrimonii
817 2426 981 2486 conuersos
1012 2408 1124 2487 fnisse,
1159 2408 1237 2475 ullo*
1257 2427 1392 2493 unquam

150 2508 287 2593 tempore
309 2509 440 2599 rescindi
462 2510 590 2575 minime
614 2512 731 2590 debere,
755 2511 810 2577 sed
831 2512 892 2576 illa·
909 2529 1028 2595 semper
1044 2512 1143 2591 firma,
1166 2512 1276 2581 ualida:
1291 2516 1323 2578 et
1344 2514 1393 2583 in-

150 2611 310 2683 violabilia
333 2616 478 2706 ersistere
498 2617 530 2681 ct
548 2616 620 2697 fore,
646 2617 732 2681 dicta
756 2618 942 2682 auctoritate
966 2618 1113 2684 decernas
1136 2635 1173 2683 ec
1189 2617 1340 2696 declares,
1360 2619 1401 2683 et

150 2716 272 2799 plenam
301 2720 332 2782 et
362 2720 500 2803 amplam
533 2719 714 2787 facultatem
730 2778 732 2787 ,
750 2722 782 2786 et
815 2722 1021 2804 potestatem,
1056 2722 1164 2788 eadem
1193 2723 1391 2801 auctoritate,

149 2821 254 2885 tenore
276 2823 502 2905 praesentium,
534 2823 700 2889 tribuimus
721 2825 754 2889 et
777 2824 990 2916 impertimur,
1020 2825 1108 2892 salva
1138 2827 1242 2893 tamen
1271 2844 1403 2909 semper>

150 2924 181 2990 io
202 2926 378 3008 praemissis
400 2928 587 2994 auctoritate
610 2928 867 3013 Congregationis
887 2929 1053 2996 eorundem
1071 2928 1293 2996 Cardinalinrn.
1324 2930 1392 2994 Non

151 3030 346 3097 obstantibus
373 3030 594 3114 Apostolicis,
611 3051 647 3097 ac
677 3031 709 3097 in
741 3032 993 3108 Universalibns,
1027 3028 1393 3115 Prouincialibusqueet

150 3134 354 3221 Synodalibns
379 3134 524 3201 Conciliis
547 3136 641 3203 editis
656 3138 862 3226 generalibus,
886 3137 936 3203 uel
950 3136 1140 3219 specialibus
1154 3135 1391 3221 Ocmtitotioni·

152 3238 207 3303 bus
228 3240 261 3303 et
281 3238 543 3329 ordinationibus,
566 3242 756 3325 caeterisque
778 3241 943 3307 contrariis
963 3240 1261 3325 quibuscunquc÷¹).‹
1297 3266 1301 3278 ι
1369 3282 1373 3285 -

254 3344 344 3409 Nach
367 3342 437 3413 dem
460 3344 587 3428 eigenen
610 3345 687 3411 oben
710 3343 918 3428 angeibbrtsn
941 3345 1089 3412 Bericlde
1110 3344 1163 3410 des
1186 3345 1390 3427 superesse

149 3446 205 3511 wic
227 3447 307 3512 nach
331 3447 438 3538 dessen
456 3446 599 3513 ueitercn
610 3449 853 3533 Auslbbrungen
872 3449 977 3514 in-der-
989 3449 1116 3515 uueiten
1129 3450 1275 3533 Ausgabc
1289 3449 1390 3515 seincs

149 3551 279 3616 Werkes
302 3551 349 3616 De
371 3550 492 3636 Synodo
514 3550 714 3633 Diocaesaoa,
736 3552 771 3618 in
793 3553 891 3618 denen
915 3572 955 3617 er:
971 3552 1257 3622 ausdrucklichdie
1273 3553 1390 3637 Beleg-

148 3655 211 3720 niss
234 3654 288 3721 des
312 3656 446 3742 heiligen
469 3656 594 3726 Stubles
618 3678 672 3723 zur
695 3658 896 3742 bosungder
918 3658 1310 3733 consummares-unedo
1328 3659 1390 3725 Uu-

148 3758 317 3844 glaubigen
340 3762 525 3847 vernetum),
549 3762 592 3827 ist
615 3763 766 3829 annachst
788 3763 866 3841 klar,
890 3762 960 3827 dass
983 3782 1016 3827 er
1035 3762 1086 3827 fuir
1102 3762 1315 3828 scine-Person
1329 3782 1389 3827 ron

147 3864 202 3928 der
223 3866 314 3931 untcr
334 3865 391 3931 den
412 3867 590 3951 gegebenen
606 3866 839 3943 Verbtltnissen
862 3865 1398 3949 unansfdbrbaren..lnterpellation

148 3967 180 4031 in
212 3966 311 4035 dieser
329 3968 442 4059 ‘seiner
475 3971 644 4037 amtliehcn
665 3970 890 4036 x(lonstitntion
922 3970 1061 4037 uirklieb
1089 3970 1258 4054 dispensirt
1286 3970 1410 4049 cess),

251 4159 278 4227 1)
298 4160 451 4215 Bullarinm
475 4162 634 4216 Benedicti
654 4162 737 4217 XIV.
763 4160 885 4215 Venetiis
905 4161 980 4217 1778.
1006 4162 1120 4221 Tarni
1145 4178 1207 4231 pag.
1224 4161 1294 4238 216..
1320 4221 1322 4224 ,
1352 4209 1355 4213 „

251 4244 278 4315 2)
297 4245 337 4301 De
356 4246 462 4316 Synodc
481 4246 651 4302 Dicecesaua.
676 4247 735 4302 Lib.
755 4246 832 4303 XIII.
856 4264 912 4315 cap.
930 4247 972 4303 21.
991 4264 1018 4301 n.
1036 4248 1112 4302 4-6.
1165 4243 1168 4246 ’
1229 4306 1232 4312 ,

250 4332 278 4399 3)
297 4332 390 4387 Damit
402 4332 512 4389 serlone
524 4334 566 4387 die
576 4334 643 4389 oben
653 4330 840 4403 mitgetheilte
849 4334 1023 4404 Aeussemng
1036 4335 1215 4390 Ballerini's
1230 4323 1282 4386 rori
1295 4331 1387 4385 selbot.

146 4418 298 4489 Uebrigens
319 4420 434 4488 engeten
454 4417 510 4475 sich
530 4411 758 4490 ei'genthi'rrnlicbe
776 4418 1025 4490 Verglcirlrungen,
1053 4434 1129 4474 narn
1150 4422 1219 4473 ¹¹rba'n
1233 4415 1319 4473 *disse
1333 4411 1392 4473 'abss'

145 4506 283 4575 schittuigc
304 4506 396 4561 Kritik
414 4508 487 4561 eines
497 4510 597 4575 -stren'g
616 4508 783 4563 kircblicben
800 4506 1012 4563 Schriftsbellsrs
1029 4505 1235 4573 belspielsueise
1247 4505 1293 4560 der
1306 4504 1388 4560 uobi-
