3050 4859
281 206 309 262 S.
331 207 440 279 Conpr.
463 206 551 261 Cone.
570 207 596 259 7.
614 206 697 263 Jntn’e'
716 206 807 262 1883:
830 205 987 262 Decretor.
1007 212 1036 261 et
1055 197 1204 275 appellat.
1301 187 1365 252 335

116 379 301 443 commissa:
337 377 559 444 Pro-Vicarius
593 376 753 443 Generalis
783 379 820 442 nt
852 376 952 444 tutius
981 377 1013 441 in
1042 396 1074 442 re
1104 377 1283 460 procederet
1305 376 1364 442 sibi

116 482 254 547 adscivit
275 484 408 566 quatuor
433 482 625 560 adsessores,
657 500 787 565 quorum
814 500 893 546 unus
916 482 1015 546 morbi
1037 500 1131 546 causa
1153 481 1254 546 officio
1277 481 1366 545 abdi·

117 588 215 666 cavit,
239 588 270 651 et
294 588 374 651 alter
394 588 462 652 erat
485 585 640 668 Josepbus
661 584 698 652 G.

224 690 427 773 Inquisitione
450 690 482 754 in
506 690 699 773 reincepta,
724 689 837 755 habito
857 689 984 755 Davidis
1005 689 1155 768 examine,
1178 689 1312 755 testibus
1326 692 1364 755 ab

117 794 227 859 eodem
249 794 405 877 productis
427 814 488 859 una
511 813 580 858 cnm
604 792 738 859 testibus
760 793 967 859 accusationis
983 794 1126 871 excussis,
1150 793 1299 859 Sacerdos
1313 813 1366 860 ac·

117 902 247 963 euscius
269 899 347 964 duas
368 900 560 983 exceptiones
582 898 614 963 iu
638 898 732 963 Gnria
755 898 913 982 opposuit:
938 898 1071 982 primam
1092 898 1238 963 adversus
1261 898 1365 964 adses-

118 1022 219 1069 sorem
242 1004 412 1087 Josepbum
436 1002 473 1069 G.
494 1005 530 1067 ut
552 1005 760 1068 removeretur
784 1021 803 1067 a
824 1002 941 1087 judicio
964 1002 1088 1067 terendo
1116 1002 1190 1086 quia
1221 1003 1365 1068 inimicus

118 1106 259 1186 Davidis,
282 1109 414 1176 alteram
438 1110 545 1173 contra
566 1106 731 1173 Notarium
753 1106 937 1173 Gervasium
954 1107 990 1171 R.
1008 1106 1207 1190 praecipuum
1223 1127 1259 1171 er
1275 1108 1364 1173 testi-

118 1212 178 1277 bus
199 1212 413 1290 accusationis,
432 1212 475 1276 ·ob
498 1213 622 1295 apertas
644 1212 678 1275 in·
700 1206 841 1277 cumdem
864 1211 1015 1277 Davidem
1037 1211 1219 1277 inimicitias
1233 1213 1272 1277 ad
1289 1232 1365 1295 quas

117 1316 292 1399 probandas
314 1317 405 1399 petiit
429 1318 464 1380 ut
487 1317 582 1381 testes
604 1316 845 1381 admitterentur
868 1316 910 1380 Μ.
934 1318 966 1381 et
987 1315 1021 1382 G.

226 1422 268 1485 At
291 1420 515 1485 Pro—Vicarius
538 1418 698 1485 Generalis
729 1418 859 1486 Davidis
889 1420 1115 1504 exceptationcs
1145 1420 1253 1504 rejecit
1283 1418 1365 1486 datis

119 1524 160 1589 ad
183 1526 239 1589 boc
264 1524 402 1591 Decretis
425 1524 523 1589 altero
546 1524 595 1589 die
617 1526 647 1588 5.
672 1524 771 1589 altero
785 1525 844 1617 lb.
868 1524 1029 1590 Jaouarii:
1060 1528 1245 1608 quopropter
1264 1524 1364 1591 David

119 1628 230 1694 Curiae
261 1628 402 1694 libellum
428 1628 515 1693 dedit
538 1648 598 1711 quo
620 1628 819 1713 significabat
840 1647 873 1694 se
893 1630 1001 1693 contra
1022 1628 1146 1694 decreta
1169 1628 1364 1695 Pro-vicarii

119 1732 291 1813 Generalis
314 1732 425 1817 quibus
448 1732 656 1799 reiciebautur
675 1734 868 1817 exceptiones
886 1734 925 1798 ab
941 1734 1086 1798 accusato
1104 1735 1285 1817 propositae,
1308 1753 1364 1817 ap-

120 1838 319 1922 pellationem
351 1857 516 1921 proponere
547 1837 628 1920 apud
655 1836 686 1902 S.
715 1836 993 1921 Gongregationem
1018 1832 1158 1903 Consilii.
1204 1838 1249 1902 At
1270 1837 1364 1902 Curia

120 1941 472 2026 Archiepiscopalisdie
498 1943 546 2007 19.
568 1942 713 2007 ianuarii
737 1942 820 2006 1883
848 1942 984 2006 decrevit
1014 1942 1228 2025 interpositam
1259 1942 1364 2026 appel·

120 2048 268 2112 lationem
291 2065 351 2111 uon
373 2064 459 2129 posse
483 2045 622 2125 admitti,
647 2064 682 2111 eo
702 2045 788 2129 'quod
812 2065 848 2111 er
869 2064 1021 2112 canonum
1044 2046 1244 2129 dispositione
1266 2066 1365 2111 reme·

121 2151 208 2215 dium
242 2150 456 2233 appellationis
486 2169 544 2216 uon
572 2150 750 2216 conceditur
781 2153 887 2215 contra
910 2150 1035 2216 decreta
1058 2171 1134 2235 pura
1157 2154 1188 2216 ct
1211 2151 1365 2235 simplicia

122 2254 175 2321 sed
195 2256 318 2320 tantum
340 2257 448 2320 contra
470 2254 639 2321 sententias
663 2254 849 2334 definitivas,
872 2256 927 2319 aut
950 2256 1057 2321 contra
1079 2255 1266 2321 sententiam
1286 2276 1364 2339 quae

122 2360 216 2426 babet
238 2359 301 2425 vim
324 2359 511 2427 definitivae.

226 2464 270 2529 At
292 2462 429 2528 instante
450 2462 569 2529 Dividis
593 2464 739 2542 Patrono,
763 2462 984 2528 Pro-Vinarius
1010 2462 1172 2529 Generalis
1193 2464 1291 2529 altero
1311 2464 1365 2529 de·

122 2568 215 2647 creto,
239 2568 479 2651 appellationem
494 2566 620 2650 recepit,
641 2567 795 2652 apostolos
814 2566 854 2631 ed
870 2566 901 2633 S.
917 2566 1069 2651 congreg.
1085 2566 1181 2646 dedit,
1204 2568 1364 2633 declarans

122 2675 225 2737 tamen
247 2690 279 2737 se
300 2672 337 2736 de
356 2672 426 2756 jure
450 2672 488 2736 ad
511 2672 704 2737 definitivam
720 2669 907 2736 sententiam
920 2672 951 2735 in
967 2691 1001 2736 re
1018 2668 1179 2735 dicendam
1193 2672 1364 2755 procedere.

122 2776 213 2841 Sacra
230 2777 446 2867 congregatio,
468 2776 574 2841 habito
595 2775 810 2860 appellationis
832 2775 947 2855 libello,
972 2774 1011 2840 de
1027 2795 1110 2841 more
1127 2776 1365 2860 Arcbiepiscopo

123 2880 344 2947 Mediolanensi
366 2881 488 2946 litteras
504 2880 593 2946 dedit
609 2900 663 2964 pro
677 2880 895 2947 informatione
911 2882 942 2945 et
963 2883 1051 2956 voto;
1072 2899 1220 2964 suspensa
1238 2880 1363 2946 interim

124 2987 262 3050 aetorum
285 2985 505 3068 prosecutione.
1171 2997 1174 3004 ‘

225 3089 376 3155 Omnibus
399 3089 437 3155 de
460 3109 543 3155 more
563 3090 713 3156 absolutis
735 3089 877 3174 quaestio
900 3088 1056 3173 proposita
1074 3087 1136 3153 fuit
1156 3089 1218 3157 nn.
1234 3088 1297 3155 ΡΡ.
1315 3081 1365 3154 die

124 3196 153 3259 7.
175 3194 253 3259 Julii
279 3195 362 3259 1883
385 3195 441 3259 snb
465 3194 559 3260 dubio

667 3306 817 3373 Dndinrn.

226 3418 280 3483 Ara
298 3418 512 3483 sustineantur
534 3420 657 3485 decretu
680 3418 796 3486 (lurica
816 3418 1108 3502 Arcbicpiscopctis
1128 3422 1159 3485 5.
1183 3426 1211 3485 ct
1233 3425 1284 3487 10.
1297 3419 1363 3485 Ja-

124 3524 344 3589 nnanii1883
366 3524 403 3588 in
425 3542 509 3588 casn.

226 3626 396 3693 Resolntio.
417 3664 460 3673 —
482 3626 588 3707 Quoad
605 3644 791 3693 assessorem
814 3648 849 3694 ac
872 3629 986 3694 testem
1008 3628 1044 3693 R.
1068 3628 1281 3697 Ailirmative:
1305 3648 1364 3712 qno
1476 3721 1479 3726 Δ

125 3751 192 3797 vero
215 3732 254 3797 ad
278 3734 375 3797 testes
397 3732 440 3797 M.
464 3734 497 3797 et
519 3730 553 3797 G.
577 3732 742 3817 Negative.

495 3875 497 3879 ¹
545 3892 577 3954 7.
612 3887 719 3953 Oenea
740 3887 942 3969 Herbipoicn.

484 4010 688 4075 Matrimonii
711 4011 825 4093 incped.
847 4010 1006 4075 insaniae.

227 4130 265 4196 In
286 4130 423 4197 Ecclesia
445 4130 497 4197 SS.
522 4107 740 4215 Apostolorum
763 4130 909 4197 Givitatis
931 4130 970 4197 X.
989 4130 1078 4214 juxta
1100 4130 1233 4195 formam
1255 4148 1274 4193 a
1295 4128 1365 4193 Tri·
1487 4151 1489 4156 ·

13 4312 14 4319 χ
129 4234 250 4300 dentiae
272 4236 493 4319 praescriptam
516 4234 629 4301 initum
648 4236 711 4301 fuit
732 4235 965 4301 matrimonium
981 4234 1064 4299 inter
1077 4232 1230 4299 Silvinum
1244 4234 1276 4297 et
1291 4232 1364 4296 Vir-

129 4338 244 4424 giniam
266 4339 316 4404 die
340 4340 389 4405 16.
412 4340 596 4405 Novembris
621 4340 713 4405 1879.
761 4340 819 4404 Dic
848 4339 1046 4423 subsequenti
1076 4338 1181 4420 sponsi
1210 4337 1366 4421 quoddam

128 4444 278 4528 Oppidum
307 4441 463 4527 petierunt
485 4443 563 4509 inibi
584 4444 812 4511 commoratum.
858 4445 902 4508 At
923 4440 1068 4527 Virginis
1090 4441 1197 4507 eodem
1219 4441 1269 4507 die
1291 4439 1367 4507 bora

128 4548 245 4615 decima
266 4550 335 4633 post
358 4548 519 4615 meridiem
541 4549 599 4614 tali
621 4546 738 4613 furenti
764 4548 884 4613 insania
913 4550 1054 4630 correpta
1076 4549 1140 4626 eat,
1173 4550 1211 4613 ut
1241 4546 1281 4611 ad
1310 4566 1366 4630 pa·
