3050 4859
190 161 408 238 Leonte'XHl.
427 161 550 230 suaper.
568 163 610 215 ad
628 163 789 230 episcopos
809 123 933 216 Galltue
951 161 1019 215 dd.
1038 159 1064 214 8.
1083 159 1171 216 Febr.
1189 160 1272 214 1884.
1315 135 1378 207 473

127 334 282 401 interitus
304 335 352 398 sui
375 333 407 398 in
437 332 513 414 ipsis
545 331 733 416 reipublicae
762 332 930 398 visceribus
960 331 1081 396 inclusa
1114 319 1250 412 semina,
1281 351 1378 418 neque

131 456 224 522 spem
246 438 360 504 habere
383 438 485 521 potest
508 437 733 505 diuturnitatis,
779 435 905 503 Scilicet
934 436 1080 521 gentibus
1112 437 1290 502 christianis
1318 456 1379 503 non

130 543 200 608 iere
223 561 311 607 secus
333 560 370 607 ac
393 540 525 626 singulis
549 541 736 621 hominibus
762 542 829 608 tam
853 541 899 606 est
921 541 1069 607 inservire
1094 541 1151 606 Dei
1167 539 1306 607 'consiliis
1330 561 1379 606 sa-

130 647 233 725 lubre,
257 665 350 729 quam
372 645 500 711 deficere
522 645 745 729 periculosum;
769 645 872 730 eisque
894 645 973 711 illud
997 645 1177 730 plerumque
1200 645 1323 725 accidit,
1343 647 1380 712 ut

130 749 248 834 quibus
277 750 466 834 temporibus
497 750 682 816 fidelitatem
714 769 803 814 suam
827 770 902 834 erga
925 749 1024 816 Deum
1047 750 1096 816 vel
1117 749 1287 815 Ecclesiam
1312 752 1380 816 stu·
1500 819 1501 826 ,

132 854 240 919 diosus
263 855 407 934 retinent,
430 855 462 919 in
482 855 633 938 optimum
658 855 775 919 statum
801 854 937 919 naturali
959 854 1091 939 quodam
1107 854 1217 919 itinere
1235 854 1380 936 veniant,·
1434 859 1439 864 “
1500 925 1501 932 χ

132 958 248 1043 quibus
271 958 426 1036 deserunt,
449 957 600 1026 excidant.
635 957 701 1023 Has
724 958 849 1043 quidem
873 959 954 1024 vices
976 959 1008 1024 in
1025 958 1188 1024 annalibus
1204 959 1401 1042 temporum
1500 1021 1501 1028 ,

132 1063 364 1139 intuerirlicet3
388 1081 554 1147 earumque
578 1062 747 1129 domestica
770 1065 802 1128 et
824 1061 901 1128 satis
925 1063 1063 1129 recentia
1080 1063 1219 1146 exempla
1235 1063 1346 1146 suppet
1364 1087 1394 1111 -·

135 1169 224 1245 rent,
246 1168 273 1231 si
296 1170 422 1235 vacaret
444 1187 480 1233 ea
497 1167 651 1234 recordari
674 1186 751 1251 quae
773 1167 911 1252 superior
934 1167 1014 1233 vidit
1035 1169 1138 1246 aetas,
1169 1186 1238 1232 oum
1268 1187 1381 1250 procax

133 1271 306 1337 multorum
329 1272 456 1338 licentia
477 1271 693 1337 tremefactam
713 1271 849 1338 Galliam
864 1272 1004 1338 funditus
1025 1272 1159 1352 miscuit,
1180 1291 1245 1354 rern
1259 1290 1379 1338 sacram

134 1377 169 1441 et
191 1375 313 1440 civilem
336 1377 442 1442 eodem
462 1375 578 1442 excidio
601 1375 767 1460 complexa.

168 1480 171 1486 ’
241 1478 357 1546 Contra
377 1499 448 1547 uero
470 1480 557 1559 haec,
581 1500 659 1563 quae
683 1481 799 1545 certam
823 1479 959 1546 civitatis
982 1480 1105 1545 ruinam
1121 1499 1224 1546 secum
1243 1479 1377 1562 fuerunt,

134 1582 229 1650 facile
251 1584 464 1668 depelluntur,
496 1585 575 1650 siin
597 1584 814 1651 constituenda
837 1585 1097 1669 gubernandoque
1120 1587 1188 1650 tum
1211 1584 1379 1651 domestica

135 1690 206 1753 turn
227 1688 311 1754 civili
334 1689 481 1755 socictate
502 1688 673 1755 catholicae
689 1689 848 1772 religionis
864 1689 1025 1772 praecepta
1041 1688 1210 1754 serventur.
1236 1690 1281 1755 lla
1296 1689 1376 1755 enim

98 1787 101 1791 ’
135 1792 270 1857 suntad
293 1794 554 1859 conservationem
578 1792 694 1858 ordinis
717 1793 749 1859 et
772 1793 811 1858 ad
834 1784 1021 1876 reipublicae
1044 1793 1177 1858 salutem
1205 1793 1377 1862 abtissima.

241 1897 287 1962 Ac
308 1896 406 1981 primo
428 1898 554 1981 quidem
577 1897 617 1961 ad
639 1896 822 1963 societatem
845 1880 1046 1963 domesticam
1073 1898 1154 1982 qnod
1182 1899 1306 1977 attinet,
1330 1899 1378 1962 in·

136 2001 235 2066 terest
257 2020 350 2086 quarn
373 2003 506 2066 maxime
528 2003 702 2085 susceptam
723 2020 739 2066 e
762 2001 904 2085 conjugio
921 2001 1088 2067 christiano
1105 2002 1239 2068 sobolem
1256 2001 1377 2068 mature

137 2105 183 2169 ad»
197 2104 356 2190 religionis
378 2107 544 2189 praecepta
566 2105 698 2183 crudiri;
721 2108 753 2172 et
775 2125 827 2171 eas
850 2107 942 2186 artes,
965 2107 1075 2190 quibus
1092 2108 1178 2172 aetas
1193 2105 1320 2192 qnerilis
1338 2108 1378 2172 ad

137 2208 366 2275 humanitatem
389 2210 548 2276 informari
564 2211 651 2290 solet,
672 2230 741 2275 curn
753 2210 951 2285 institutione
964 2211 1109 2295 religiosa
1121 2229 1185 2277 csse
1198 2201 1377 2295 conjuuctas

137 2312 260 2379 Alteras
282 2313 445 2399 sejungere
468 2315 507 2379 ab
530 2315 629 2380 altera
651 2315 734 2379 idem
757 2316 805 2380 est
828 2333 864 2380 ac
885 2315 986 2398 reipsa
1010 2301 1101 2394 velle,
1125 2317 1161 2380 ut
1184 2315 1279 2380 animi
1301 2335 1376 2398 pue-

136 2417 208 2482 riles
229 2417 263 2481 in
285 2417 396 2484 officiis
419 2437 493 2502 erga
514 2417 614 2483 Deum
636 2417 668 2482 in
691 2421 833 2483 neutram
859 2421 978 2502 partem
1000 2420 1197 2485 moveantur:
1220 2409 1297 2503 quae
1314 2419 1378 2484 dis-

136 2521 250 2604 ciplina
271 2521 367 2586 fallax
389 2523 452 2602 est,
476 2524 508 2587 et
530 2523 711 2605 praesertim
735 2523 768 2586 in
791 2523 898 2607 primis
920 2543 1082 2606 puerorum
1106 2524 1253 2589 aetatulis
1275 2525 1377 2608 perni-

140 2624 320 2701 ciosissima,
342 2624 423 2709 quod
444 2644 550 2691 revera
573 2627 654 2691 mam
678 2625 825 2692 atheismi
842 2627 1135 2712 munitreligionis
1151 2629 1280 2711 obsepit.
1302 2628 1377 2694 Om-

137 2728 208 2793 nino
230 2730 374 2812 parentes
396 2730 491 2795 bonos
512 2749 618 2796 curare
641 2732 771 2814 opertet,
796 2731 831 2796 ut
854 2731 902 2796 sui
925 2732 1072 2816 cujusque
1095 2730 1194 2812 liberi,
1219 2752 1289 2799 cum
1313 2733 1377 2816 pri·

137 2850 221 2897 mum
243 2851 349 2916 sapere
370 2833 559 2914 didicerunt,
583 2834 749 2918 praecepta
771 2835 929 2919 religionis
951 2837 1140 2920 percipiant,
1173 2838 1204 2901 et
1236 2855 1273 2902 ne
1302 2837 1376 2921 quid

137 2940 259 3002 occurat
281 2939 314 3001 in
335 2938 457 3017 scholis,
481 2939 562 3025 quod
584 2937 657 3003 fidei
682 2957 840 3006 morumve
860 2939 1075 3026 integritatem
1099 2940 1233 3006 offendat
1278 2941 1318 3006 llt
1341 2943 1377 3006 ut

136 3040 196 3105 iata
219 3041 250 3105 in
268 3041 460 3107 instituenda
475 3041 580 3108 sobole
596 3042 761 3126 diligentia
777 3044 970 3124 adhibeatur,
997 3045 1101 3110 divina
1117 3046 1164 3110 eat
1179 3044 1376 3129 naturalique

137 3146 204 3228 lege
227 3145 448 3226 constitutum,
482 3165 580 3231 neque
614 3149 757 3231 parentes
789 3167 839 3231 per
868 3148 963 3214 ullam
994 3153 1119 3214 causam
1150 3149 1227 3214 solvi
1250 3158 1287 3214 eal
1305 3150 1375 3234 lege

137 3251 271 3332 possunt.
318 3250 456 3315 Ecclesia
480 3269 559 3329 vero,
583 3251 777 3335 integritatis
799 3252 872 3317 fidei
894 3254 996 3318 custos
1019 3255 1050 3318 et
1072 3253 1196 3330 uindex,
1220 3272 1299 3337 quae
1323 3254 1375 3319 de-

137 3353 201 3417 lata
222 3353 281 3418 sibi
303 3372 321 3418 a
343 3355 408 3420 Deo
430 3355 587 3420 conditore
610 3374 665 3421 suo
686 3356 1000 3435 auctoritatedebet
1022 3357 1060 3422 ad
1084 3358 1268 3441 sapientiam
1291 3358 1373 3424 chri·

137 3456 269 3522 stiauam
291 3457 448 3524 universas
472 3477 580 3524 vocare
603 3445 723 3543 gentes,
742 3461 878 3544 itemque
901 3459 1007 3526 scdulo
1030 3461 1136 3527 videre
1153 3461 1265 3546 quibus
1289 3481 1374 3527 exco-

137 3560 217 3625 latur
240 3563 411 3646 praeceptis
441 3561 655 3647 institutisque
679 3562 826 3646 juventus
857 3583 935 3649 quae
964 3566 997 3629 in
1026 3565 1123 3648 ipsius
1145 3565 1298 3650 potestate
1322 3566 1373 3646 sit,

138 3684 253 3749 semper
275 3666 396 3732 scholas
418 3686 496 3751 quae
520 3668 679 3752 appellant
701 3668 809 3733 mistas
833 3669 881 3734 vel
905 3671 1050 3750 neutras,
1083 3672 1186 3753 aperte
1213 3669 1374 3736 damnavit

138 3770 259 3835 monitis
282 3772 377 3836 etiarn
401 3773 495 3855 atque
517 3771 613 3837 ctiam
636 3771 931 3856 patribusfamilias,
957 3777 992 3838 ut
1013 3776 1044 3838 in
1068 3793 1100 3839 re
1123 3773 1205 3839 tanti
1225 3775 1372 3840 moment'

139 3873 272 3938 animum
292 3875 488 3941 attenderent
504 3876 544 3941 ad
559 3875 739 3943 cavendum.
769 3877 886 3959 Quibus
902 3877 933 3941 in
951 3877 1042 3943 rebus
1058 3878 1191 3962 parendo
1208 3878 1373 3962 Ecclesiae,

139 3976 227 4041 simul
249 3978 381 4044 utilitati
404 3980 537 4063 paretur,
570 3979 748 4065 optimaque
770 3980 888 4046 ratione
911 3980 1005 4046 saluti
1028 3981 1168 4066 publicae
1192 3982 1373 4048 consulitur.

138 4079 257 4146 ldteuim
280 4101 409 4165 quorum
432 4083 531 4167 prima
554 4086 640 4149 aetas
663 4084 702 4149 ad
724 4084 905 4169 religionem
930 4086 1052 4151 erudita
1070 4086 1204 4166 nonest,
1227 4085 1292 4151 sine
1308 4087 1373 4151 ulla

110 4260 115 4272 ι
138 4184 307 4269 cognitione
330 4187 511 4253 adolescunt
533 4207 636 4254 rerum
660 4189 882 4268 maximarum,
915 4183 993 4274 quae
1022 4190 1055 4254 in
1087 4189 1262 4256 hominibus
1292 4191 1373 4256 alere

139 4288 285 4354 virtutum
304 4290 425 4371 studia,
445 4293 477 4357 et
500 4292 656 4375 appetitus
677 4311 783 4377 regere
805 4293 919 4359 rationi
942 4295 1109 4359 contrarios
1129 4293 1212 4360 solae
1235 4297 1371 4377 possunt.

140 4392 314 4478 Oujrrsmodi
335 4394 407 4461 illae
427 4398 500 4461 sunt
521 4395 558 4462 de
580 4395 644 4462 Deo
668 4407 805 4462 creatore
828 4399 975 4478 notiones,
1000 4398 1037 4463 de
1054 4399 1117 4464 Deo
1136 4397 1239 4483 judice
1258 4399 1372 4463 etvin-

140 4497 214 4577 dice,
244 4498 282 4563 de
304 4500 449 4582 praemiis
470 4501 634 4585 poenisque
657 4500 785 4566 alterius
807 4503 889 4568 ritae
913 4501 1125 4586 expectandis,
1152 4503 1189 4568 de
1212 4502 1372 4586 praesidiis

165 4600 258 4649 mter
270 4601 312 4650 rur
326 4603 524 4652 Klrchenrccht.
545 4605 587 4651 ln.
1228 4607 1266 4670 31
