3050 4859
125 204 169 273 56
272 250 275 257 ·
454 225 566 294 space
587 225 1039 293 aroecea.1veap0cu.a.1eaa.

125 396 179 482 (D.
203 396 261 463 Tb.
284 398 527 482 111111.
548 397 608 483 10),
633 398 785 481 quidquid
806 417 824 462 a
847 396 944 463 sacris
967 397 1112 463 ltubricis
1134 396 1370 481 praescribitur,

126 501 315 566 adamussim
338 502 494 581 serretur,
523 502 557 566 et
585 502 638 569 nbi
661 502 731 565 fieri·
750 500 881 584 poterit,
912 520 1013 567 sermo
1035 503 1226 586 opportunus
1247 500 1290 565 ad
1311 519 1371 583 po-

127 604 234 688 pulum
257 624 274 669 e
296 608 448 689 suggestu
471 606 631 672 habeatur.

231 709 419 791 11111111
443 709 658 775 1111111111
682 708 779 773 divini
803 708 908 773 cultus
930 708 1050 775 ratione
1080 710 1161 775 nibil
1193 709 1289 775 ferme
1318 707 1373 786 sit,

127 814 207 895 qnod
227 813 332 897 populi
355 814 535 897 religionem
560 813 660 897 magis
684 812 815 891 alliciat,
838 831 932 897 quam
954 834 1057 879 rarum
1079 814 1216 879 omniurn
1240 831 1320 897 quaa
1339 812 1374 875 in

127 918 244 1000 templo
265 920 339 983 sunt
358 923 506 984 venustas
529 922 560 983 ct
578 918 767 994 munditiem
789 918 822 981 in
843 918 876 981 11
899 917 1005 983 sedulo
1025 919 1212 984 incumbant
1223 918 1374 983 Rectores

127 1022 347 1100 Ecclesiarnm,
371 1024 407 1089 11
429 1042 503 1088 uasa
525 1041 624 1100 sacra,
647 1040 752 1089 sacrae
776 1023 886 1100 uestes,
910 1041 958 1086 res
973 1022 1127 1101 lintearia
1145 1022 1295 1099 blissalie,
1314 1021 1372 1087 lti-

128 1125 249 1210 tualia,
273 1125 371 1205 muri,
401 1127 636 1210 pavimentum,
662 1127 788 1210 portae,
820 1126 972 1191 fenestrae
994 1127 1127 1192 istarum
1150 1126 1373 1204 Ecclesiarum,

128 1248 229 1315 quam·
245 1232 410 1296 maximam
434 1232 618 1309 decentiam,
642 1250 678 1295 ac
700 1231 832 1297 nitorem
853 1230 1209 1315 praeseferanttPaalm.
1224 1230 1375 1307 LXVlll,

131 1334 193 1419 111).
216 1333 297 1401 Eum
319 1336 403 1401 omni
423 1354 547 1419 prorsus
570 1335 673 1400 studio
696 1336 844 1401 arcendos
858 1337 968 1400 curent
983 1336 1150 1415 turnultus,
1174 1336 1375 1401 clamorsset

128 1439 278 1525 quidquid
298 1439 437 1505 bdelium
461 1441 580 1506 mentes
603 1440 640 1505 ab
664 1438 802 1505 oratione
815 1440 955 1505 alienare
968 1441 1088 1523 potest;
1110 1440 1149 1505 ut
1162 1440 1377 1523 unusquisque

129 1562 233 1609 eorum
255 1563 326 1610 vero
349 1544 449 1611 dicere
472 1545 586 1629 possit:
614 1544 709 1610 Zetus
730 1529 933 1611 dornua'iuae
955 1546 1086 1611 comedit
1106 1566 1163 1611 me.

227 1648 274 1713 ‘Xe
307 1648 445 1715 deveant
467 1650 601 1732 insuper,
626 1649 724 1713 neceb
747 1649 893 1713 timorem
911 1643 1002 1727 torti,
1024 1650 1074 1714 vel
1097 1649 1137 1713 ob
1158 1647 1295 1730 inopiam
1318 1666 1372 1711 re-

129 1754 251 1819 dituum
275 1754 357 1820 uasis
379 1754 475 1819 sacris
499 1772 533 1818 er
560 1752 623 1817 alia
653 1752 785 1817 materia
814 1753 962 1818 conlectis
992 1755 1133 1831 utantur,
1169 1771 1267 1835 qnam»
1292 1751 1376 1817 sacri

131 1858 270 1925 Eunones
288 1860 323 1923 et
345 1858 481 1923 Robrica
503 1858 696 1940 praescribit.
730 1857 817 1939 Quod
841 1857 877 1937 si,
901 1859 1033 1941 urgente
1057 1857 1161 1940 aliqua
1176 1856 1373 1935 necessitate,

68 1958 69 1961 ’
131 1964 207 2027 baec
227 1982 316 2029 sacra
338 1980 411 2027 uasa
435 1981 470 2027 ex
493 1964 621 2045 argento
642 1962 749 2027 coelici
767 1981 828 2027 nou
842 1964 997 2045 poterunt,
1022 1962 1178 2027 enormis
1192 1981 1247 2044 per
1263 1959 1375 2026 Sacro-

129 2085 200 2131 rum
223 2066 354 2133 liitunm
375 2064 652 2150 Oongregationem
677 2064 726 2131 die
749 2067 779 2131 6.
804 2067 983 2131 Decembris
1007 2067 1090 2131 1868
1113 2065 1213 2144 11111,
1238 2065 1374 2148 quaein

131 2170 216 2236 calce
235 2170 329 2255 liujus
352 2169 467 2256 Synodi
489 2188 573 2238 num.
598 2170 634 2235 V.
659 2170 779 2253 positae
801 2171 883 2248 sunt,
907 2189 945 2236 ne
967 2171 1067 2236 latum
1089 2169 1213 2253 quidem
1237 2188 1374 2253 unguem

133 2274 302 2341 discedam.
933 2302 935 2306 ·

157 2400 159 2407 ’
219 2408 220 2411 ¹
234 2379 291 2446 XI.
323 2378 402 2445 uror
425 2379 459 2443 in
475 2378 573 2443 altari
594 2379 832 2462 superemineat,
855 2380 888 2443 ct
905 2378 939 2443 in
954 2378 1063 2443 diebus
1078 2377 1277 2461 praescriptis
1292 2376 1374 2443 inter

131 2484 316 2549 candelabra
340 2484 418 2548 nibil
440 2482 525 2548 aliud
550 2485 688 2568 ponatur,
712 2483 773 2547 uisi
795 2485 930 2561 statuae,
952 2482 1001 2548 uel
1016 2483 1107 2547 flores
1128 2482 1204 2561 reri,
1227 2484 1284 2547 aut
1304 2483 1374 2546 arte

131 2590 216 2669 iacti,
228 2588 404 2653 uelvth'ecae
417 2587 614 2671 reliquiariae
624 2588 670 2653 ‘ab
688 2587 837 2671 Episcopo
852 2587 967 2652 litteris
980 2586 1171 2652 vauthenticis
1186 2587 1372 2669 recognitae.

235 2690 308 2757 XII.
345 2692 435 2757 Color
458 2710 613 2757 sacrorum
641 2690 891 2759 indumentorum
921 2690 1024 2757 officio
1054 2690 1116 2756 diei
1142 2690 1295 2758 currentia
1326 2707 1373 2755 re-

131 2796 296 2881 spondeat,
320 2798 351 2861 11
375 2796 568 2883 exactissimo
590 2796 785 2875 observetur,
811 2799 846 2861 11
867 2796 1082 2879 praescribunt
1105 2794 1269 2860 Rubrioae.
1315 2794 1374 2859 Ec·

131 2894 226 2967 ciceia
259 2900 341 2967 enim
369 2886 617 2990 err-'diuersitate
648 2892 791 2965 colorum
816 2899 953 2965 diversos
987 2898 1114 2983 pietatis
1144 2918 1181 2964 ac
1212 2897 1374 2982 religionis

131 2999 376 3072 sensae-animis
398 3004 536 3087 fidelium
557 3006 690 3070 inserere
711 3004 857 3072 intendit.
891 3004 1003 3069 Eorma
1024 3004 1162 3088 ipsorum
1177 3003 1374 3068 indumento·

131 3110 266 3187 rnmgsit
287 3110 352 3189 ulla,
375 3130 469 3194 quam
492 3110 620 3175 adhibet
641 3109 782 3175 Ecclesia
805 3110 954 3175 Romana.
990 3108 1177 3173 Indumenta
1194 3108 1302 3172 autern
1316 3105 1374 3172 Sa·

132 3214 290 3281 cordobam
306 3215 403 3280 sacris
420 3214 626 3298 operantium,
647 3213 755 3279 aliisue
774 3213 869 3279 sacris
885 3212 1095 3278 functionibus
1110 3211 1374 3296 periungentinm,

132 3338 192 3385 non
215 3319 278 3385 sint
299 3318 358 3385 nisi
378 3318 558 3398 holoserica,
584 3318 730 3402 nullaque
753 3318 875 3382 novitas
896 3317 932 3382 in
944 3317 1023 3383 banc
1038 3317 1200 3400 antiquam
1215 3315 1375 3381 Ecclesiae

131 3423 402 3508 praescriptionem
426 3422 560 3487 admitti
575 3422 679 3499 debet,
701 3422 749 3488 nti
771 3422 942 3488 declaravit
964 3420 1060 3487 Sacra
1082 3422 1213 3487 Rituum
1238 3421 1376 3505 Congre-

133 3528 218 3613 gatio
241 3528 290 3593 die
314 3529 365 3593 28.
389 3526 469 3593 Julii
491 3528 585 3593 1881.
632 3527 730 3591 Albae
754 3545 825 3591 vero
846 3526 1041 3604 sacrificales,
1063 3525 1206 3605 amictus,
1229 3524 1375 3608 purifica-
1516 3552 1518 3650 ξ

132 3632 230 3721 toria,
264 3633 297 3697 ct
329 3632 486 3698 Altarium
521 3636 655 3715 mappae
682 3630 898 3695 tantummodo
916 3650 966 3695 ax
988 3630 1050 3695 lino
1072 3630 1123 3695 rel
1142 3630 1280 3695 cannabe
1301 3648 1374 3694 con·

133 3736 280 3803 limantur
301 3737 405 3821 <Dece
429 3736 459 3801 S.
483 3736 520 3804 R.
546 3735 753 3819 111111).
780 3733 886 3821 1819).

137 3900 139 3903 ,
236 3841 327 3908 niu.
358 3840 517 3925 magenes
538 3840 575 3909 n.
600 3840 639 3907 1.
656 3839 687 3905 1.
704 3838 749 3918 c,
777 3838 981 3905 acerrumas
1005 3836 1378 3923 arremarenses
1516 3791 1518 3852 ἶ

132 3946 289 4012 nument·
316 3964 395 4012 nora
421 3946 519 4011 forma
546 3964 605 4011 nou
640 3944 678 4009 ab
711 3944 868 4009 Ecclesiae
891 3943 1062 4027 approbata
1084 3943 1212 4007 minime
1234 3942 1374 4008 introdn·

132 4052 314 4129 canturpet
336 4050 422 4134 quod¹
440 4050 479 4115 ad
503 4049 655 4133 imagines
673 4048 830 4115 Dominae
852 4049 986 4113 Nostrae
1001 4066 1020 4111 a
1035 4046 1163 4126 Saletio,
1184 4047 1235 4112 rel
1250 4066 1269 4111 a
1282 4046 1377 4112 Sacro
1516 4115 1518 4121 λ

133 4156 232 4222 Corde
254 4155 450 4239 nuncupatas
464 4150 724 4239 praescriptiones
741 4152 938 4236 Apostolicae
952 4150 1041 4246 Sedis
1055 4152 1256 4218 observentur
1269 4150 1375 4238 (neor.

133 4260 163 4327 8.
189 4260 281 4327 1111.
307 4261 357 4326 18.
381 4258 456 4343 111).
483 4258 588 4345 1877).
629 4257 784 4343 Imagines
808 4276 844 4323 ex
866 4275 944 4336 cera,
969 4256 1019 4321 vel
1038 4255 1173 4321 tabellas
1195 4255 1325 4334 votivas,
1348 4255 1377 4320 si

134 4364 208 4449 qnid
227 4364 330 4430 minus
354 4364 475 4430 bonesti
494 4362 725 4447 praescierunt,
749 4361 921 4445 parictibus
941 4360 1117 4440 Ecclesiae,
1148 4359 1199 4425 vel
1221 4359 1303 4437 arie,
1326 4360 1376 4427 rel

133 4469 313 4547 simulacris
329 4470 362 4534 in
383 4468 598 4535 testimonium
620 4466 741 4551 accepti
763 4464 904 4530 beneficii
927 4464 1073 4547 surapandi
1094 4446 1312 4547 probibemusr
1344 4466 1378 4529 et
1516 4497 1517 4522 r

133 4572 306 4661 generatim
329 4592 538 4659 quaecumque
560 4572 716 4657 picturae,
748 4570 797 4635 rel
830 4568 1009 4652 sculpturae
1039 4586 1153 4653 genera
1181 4568 1216 4633 in
1230 4567 1377 4634 Ecclesia
1516 4593 1518 4673 ξ
