3050 4859
219 153 248 208 S·
270 153 381 224 Conpr.
401 154 490 209 Corte.
509 154 541 209 2,·
554 154 628 210 drea.
647 152 736 208 1883:
755 153 826 209 Jar.
844 158 874 208 et
890 154 971 223 pria.
989 154 1093 209 eccles.
1112 155 1238 222 paracle.
1292 136 1356 201 329

110 327 143 394 S.
168 327 264 410 Ooug.
288 325 419 391 Consilii
442 325 572 409 supplici
595 324 701 391 libello
725 323 958 407 expostulabat,
988 326 1025 390 ut
1059 320 1226 390 seutentia'
1246 324 1357 391 Duriae

69 462 73 469 ·
110 430 339 514 Neapolitanae
354 432 508 507 revocata,
528 429 761 495 matrimonium
778 448 848 493 curn
869 428 970 493 Leone
986 428 1104 492 initum·
1117 428 1236 493 nullum
1253 428 1359 494 decla·

111 537 207 601 naret.
253 534 447 617 Quapropter
469 532 499 599 S.
525 532 619 626 (long.
642 533 880 616 Archiepiscopo
903 532 1110 615 Neapolitano
1140 532 1299 599 mandarit
1321 535 1358 599 ut

112 639 342 705 transmitteret
364 641 435 704 acta
455 656 613 722 processus
636 656 697 703 uua
717 657 787 702 eum
811 636 1030 701 informatione
1049 637 1081 701 et
1101 638 1181 704 roto.

218 742 276 807 His
305 742 343 807 ad
374 760 510 824 unguem
538 741 710 807 executioni
738 740 933 807 demandatis
958 739 1100 822 quaestio
1122 740 1277 823 proposita
1297 740 1358 805 tuit

114 847 176 915 EE.
198 848 258 913 PP.
286 847 317 911 iu
345 846 481 912 comitiis
503 846 649 929 plenariis
672 845 789 911 habitis
812 843 862 909 die
884 843 1055 927 7.Aprilis
1079 845 1164 909 1883
1185 844 1358 910 subdubia

669 1016 810 1085 Dubiam

216 1141 270 1205 Aa
291 1141 443 1207 mutantia
468 1138 582 1233 Cariae
604 1140 896 1223 Arcbteptscopotis
918 1140 1149 1222 Neapolitanae
1177 1139 1221 1207 stt
1246 1141 1359 1222 eond-

111 1245 232 1337 mando.
251 1244 298 1310 not
320 1244 515 1326 infirmanda
537 1245 573 1309 ia
597 1265 691 1325 casa:

218 1348 379 1415 Resotatio
401 1347 594 1413 Sententiam
617 1368 683 1413 esse
706 1347 959 1414 confirmandam.

562 1526 592 1587 3.
629 1520 735 1587 Causa
756 1522 912 1588 Andrias.

371 1652 505 1718 Jrrrtane
527 1658 555 1719 et
578 1652 824 1735 Prioitepioram
845 1652 950 1717 cartes
968 1652 1100 1734 puroet.

217 1780 385 1864 Suppresea
407 1801 461 1863 per
485 1782 651 1847 Decretum
674 1781 705 1846 S.
730 1781 764 1847 Ο.
787 1780 820 1847 (l.
853 1781 914 1845 diei
941 1783 993 1845 23.
1021 1780 1138 1863 Aprilis
1172 1781 1250 1844 1857
1284 1800 1359 1845 cura

114 1885 287 1953 animarum
309 1885 462 1951 habituali
486 1888 517 1950 et
540 1884 665 1963 actuali,
688 1904 767 1968 quae
790 1886 1002 1967 principaliter
1024 1904 1043 1949 a
1062 1884 1206 1967 Capitale
1227 1883 1258 1949 S.
1283 1885 1357 1948 sub-

115 1988 239 2055 sidiaria
269 2010 339 2055 vero
369 2008 387 2052 a
418 1988 560 2071 Capitale
580 1989 772 2072 collegiatae
795 1988 826 2055 S.
851 1988 972 2054 Nicolai
994 2008 1086 2071 super
1114 1989 1255 2053 uniuersa
1282 1988 1357 2053 ciri·

115 2095 180 2159 tate
202 2093 502 2162 ab-immemorabili
525 2094 733 2170 exercebatur,
765 2112 817 2157 sex
844 2093 963 2158 noviter
986 2094 1149 2158 Paroeeiae
1171 2093 1202 2157 iu
1225 2093 1356 2159 totidem

115 2198 266 2265 Ecclesiis
284 2198 323 2262 ab
342 2198 408 2280 ipso
433 2198 561 2263 Decreta
583 2198 755 2281 designatis
779 2200 900 2263 erectae
924 2198 1063 2273 luerunt,
1088 2216 1220 2281 quarum
1241 2215 1302 2261 una
1323 2198 1356 2261 iu

114 2301 252 2369 Ecclesia
275 2301 345 2367 diro
369 2302 546 2396 Augustino
569 2302 682 2379 dicata,
708 2301 833 2367 Ordinis
854 2302 929 2366 olim
952 2301 1214 2367 Disealceatorum
1236 2301 1267 2367 S.
1293 2302 1357 2365 Au-

118 2405 245 2489 gustini.

217 2509 396 2576 Praefatum
419 2510 584 2575 Decretum
606 2529 677 2574 vero
700 2509 886 2575 decernebat
911 2512 960 2572 »1.
984 2529 1076 2591 super
1097 2509 1239 2590 paroecia
1261 2508 1356 2574 S...

117 2612 180 2677 »sic
203 2614 339 2678 extincta
361 2631 397 2677 ac
420 2632 582 2695 suppressa
605 2631 656 2677 sex
679 2614 798 2678 noviter
820 2612 983 2696 erigendas
1006 2615 1038 2676 et
1061 2612 1268 2677 instituendas
1292 2630 1358 2676 esse

117 2718 290 2800 »paroecias
327 2736 397 2783 cum
431 2717 519 2800 pleno
551 2717 617 2800 jure
651 2717 918 2799 parochialitatis,
956 2717 1136 2799 praesertim
1169 2735 1240 2780 cum
1272 2716 1357 2780 tonte

118 2822 323 2905 >baptismali
344 2822 476 2905 aliisque
495 2821 534 2886 de
554 2821 626 2904 jure
647 2840 683 2887 ac
705 2822 927 2888 consuetudine
948 2822 1210 2903 competentibus,
1233 2821 1371 2903 peracta

118 2926 314 2991 »territoriali
339 2926 632 3008 circumscriptione,
656 2926 815 3009 assignato
831 2926 996 3009 unicuique
1015 2926 1138 3008 proprie
1150 2925 1269 2989 ambitu
1287 2943 1357 2988 cunr

118 3030 268 3113 »aequali
290 3050 350 3113 quo
373 3030 473 3113 magis
496 3030 563 3095 fieri
586 3030 707 3113 poterit,
735 3031 908 3095 animarum
934 3050 1069 3095 numero.
1114 3031 1144 3094 2.
1170 3028 1358 3111 Hujusmodi

117 3134 343 3216 »paroeciarum
372 3134 558 3199 erectionem
591 3134 762 3201 taciendam
798 3153 865 3199 esse
898 3134 930 3199 in
965 3133 1180 3199 determinatis
1212 3131 1358 3197 Ecclenis

117 3239 218 3305 »iutra
241 3238 392 3305 ambitum
414 3239 552 3304 civitatis
575 3239 781 3305 existentibus
802 3240 838 3301 ut
860 3238 958 3302 intra:
987 3238 1134 3301 nimirum
1162 3238 1293 3319 primam
1326 3236 1359 3300 iu

117 3342 273 3407 »Ecclesia
294 3341 314 3408 S
332 3394 339 3409 .
357 3392 364 3409 .
382 3390 407 3420 .,
431 3343 562 3407 alteram
586 3343 617 3406 in
640 3340 814 3425 Collegiata
836 3342 975 3407 Ecclesia
1005 3340 1036 3407 S.
1060 3341 1201 3417 Nicolai,
1231 3341 1358 3406 tertiam

116 3446 166 3511 »in
189 3446 364 3529 collegiata
387 3446 525 3511 Ecclesia
548 3446 665 3511 Mariae
687 3446 723 3512 V.
745 3446 785 3510 ab
807 3446 929 3529 Angelo
948 3446 1124 3523 salutatas,
1157 3450 1300 3528 quartam
1325 3444 1358 3508 in

117 3550 272 3615 »Ecclesia
293 3550 324 3617 S.
350 3550 599 3633 Augustini...
623 3568 789 3632 omnesque
811 3551 856 3614 sic
878 3554 996 3615 erectas
1027 3549 1066 3614 de
1093 3550 1261 3632 respective
1289 3567 1358 3632 pro·

117 3655 282 3720 »ridendas
305 3673 371 3719 esse
393 3658 510 3719 rectore
533 3652 698 3718 Sacerdote
714 3673 730 3717 o
746 3652 834 3719 Claro
855 3653 1017 3731 saeculari,
1042 3673 1095 3736 per
1110 3654 1270 3736 ior-malem
1287 3673 1358 3718 eon·

117 3778 257 3825 ›enrsrrm
279 3758 430 3843 eligendo,
455 3777 490 3823 ac
512 3756 628 3823 liberae
653 3757 811 3822 habendas
834 3777 900 3823 esse
923 3758 1098 3823 collationis
1122 3758 1192 3822 Emi
1216 3758 1357 3840 Episcopi

118 3882 188 3945 »pro
212 3866 366 3947 tempore,
391 3883 451 3927 una
474 3864 600 3945 excepta
623 3862 764 3944 paroecia
786 3863 817 3927 iu
839 3862 1020 3927 Gatbedrali
1041 3862 1178 3927 Ecclesia
1200 3861 1356 3945 erigenda,

118 3986 225 4049 »super
253 3986 314 4049 qua
344 3966 562 4032 reservandum
598 3966 659 4031 erit
689 3968 859 4050 respective
882 3965 1028 4050 Capitale
1046 3966 1280 4050 juepatronatus
1304 3983 1356 4028 ee·

118 4071 356 4149 eclesiasticum,
379 4072 429 4135 oni
452 4076 614 4154 eapropter
636 4072 732 4137 inerit
754 4072 887 4137 facultas
911 4071 1078 4153 paroehum
1102 4069 1358 4153 collegialiterac

118 4194 189 4257 »per
211 4177 329 4241 secreta
351 4176 501 4259 suffragia
522 4176 675 4259 eligendi,
705 4196 796 4259 quem
825 4176 906 4241 inter
928 4175 1114 4259 adprobatus
1136 4174 1174 4238 ab
1199 4174 1357 4240 examina-

118 4278 255 4345 ›toribus
276 4278 307 4342 in
330 4279 453 4344 formali
475 4297 623 4346 concursu
644 4281 744 4363 mags
768 4284 800 4344 iu
827 4280 958 4345 Domino
987 4278 1132 4342 idoneum
1160 4278 1356 4361 judicaverit,

117 4402 266 4465 >eumque
290 4382 437 4467 Episcopo
460 4384 671 4467 praesentabit
693 4384 732 4449 ad
756 4384 936 4449 carronicam
950 4382 1111 4466 paroeciae
1126 4382 1356 4449 institutionem

118 4486 368 4571 »assequendam
396 4487 474 4555 eta«
794 4503 797 4509 ’
