3050 4859
175 183 239 253 356
300 204 477 259 hilaretur.-
496 202 623 268 novara,
643 205 667 258 A
687 200 924 273 tdzosadpkotea
943 200 1233 274 mapparoreadpon
1253 206 1314 257 etc.

176 397 255 463 ganz
278 376 346 443 klar
368 376 473 441 stellle
509 414 529 424 --
561 375 619 440 mit
642 373 695 439 dcr
718 374 981 459 Eheschliessung
1008 394 1068 458 eng
1091 374 1272 440 verbunden
1295 374 1365 454 ist,
1399 375 1439 439 da

176 482 231 546 wir
252 482 286 545 in
309 480 362 547 der
387 482 582 545 Brautmesse
616 479 697 543 auch
720 479 818 544 selbst
841 480 899 543 mit
923 479 977 544 der
1000 478 1264 568 Ehesclrliessung
1289 498 1332 543 zu
1353 479 1438 543 thun

176 584 285 665 haben,
310 585 364 649 dae
389 585 429 648 ist
452 583 529 647 auch
552 584 606 647 der
627 582 693 647 Eall
717 584 749 647 in
773 582 827 647 der
850 582 946 647 Missa
962 602 1055 667 super
1070 602 1213 667 sponsum
1231 585 1264 647 et
1281 602 1437 667 sponsam

175 689 229 755 des
253 690 441 773 Pray'schen
465 686 575 754 Codex.

281 793 327 858 Im
350 791 447 859 Jalrre
467 792 547 855 1341
573 791 762 875 gestalteten
785 791 853 856 sich
874 791 924 855 die
939 790 1118 856 feierlichcn
1131 790 1333 857 kirchlichen
1352 792 1439 856 Eire-

176 896 504 981 schliessnngsformen
527 896 558 959 in
584 895 709 978 Ungaru
733 894 814 959 nach
837 894 891 959 der
914 896 946 959 in
964 894 1064 960 einem
1081 893 1210 960 Missale
1225 895 1284 981 (im
1305 896 1436 961 Besitae

177 1002 229 1067 des
254 1001 458 1083 Pressburger
481 998 703 1085 Domcapitels)
725 999 926 1064 enthaltenen
941 999 1178 1084 Aufzeichnung
1198 998 1291 1082 (ordo
1317 1000 1364 1064 ad
1390 1000 1436 1065 ia-

177 1105 321 1173 ciendum
344 1102 481 1189 nuptias)
503 1102 805 1187 folgendermassen:

280 1208 449 1291 Episcopus
477 1208 540 1272 sive
571 1207 713 1272 sacerdos
738 1207 867 1272 indutus
889 1208 1006 1272 sanctis
1030 1208 1185 1286 vestibus,
1208 1209 1300 1273 stans
1325 1208 1364 1273 in
1390 1210 1437 1274 in-

176 1313 274 1379 troitu
297 1312 462 1387 Ecclesiae,
483 1312 592 1396 jubeat
614 1312 718 1377 venire
741 1330 885 1395 sponsum
909 1313 941 1397 et
963 1331 1116 1395 sponsam,
1140 1311 1284 1377 statuens
1305 1332 1365 1377 eos
1382 1333 1437 1396 pa-

178 1418 253 1483 riter
276 1419 348 1482 ante
371 1418 450 1482 iores
474 1416 638 1495 Ecclesiae,
663 1436 807 1501 sponsum
830 1436 900 1481 vero
918 1416 950 1480 in
970 1415 1086 1498 dextra,
1109 1436 1253 1501 sponsam
1268 1419 1390 1481 autem
1406 1418 1438 1482 in

177 1522 313 1601 sinistra,
337 1523 368 1586 et
391 1520 539 1585 annulum
562 1520 696 1604 positum
720 1539 811 1602 super
833 1519 948 1585 librum
970 1522 1236 1587 sacramentorum
1259 1521 1309 1585 sic
1335 1522 1436 1586 bene

178 1625 279 1694 dicat:
305 1624 502 1710 adjutorium
526 1625 665 1689 nostrum
688 1624 719 1688 in
744 1624 864 1690 nomine
887 1624 1042 1692 Domini.
1067 1670 1106 1699 a.
1130 1624 1266 1691 Bencdic
1294 1625 1437 1691 Domine

179 1730 259 1795 hunc
281 1728 365 1814 (lios)
392 1729 538 1793 annulum
571 1726 726 1813 (annulos)
755 1748 846 1812 quern
876 1731 980 1812 (quos)
1002 1779 1011 1794 .
1035 1780 1042 1794 .
1068 1781 1075 1798 .
1104 1730 1191 1793 Tunc
1213 1748 1351 1812 sponsos
1380 1750 1434 1793 ac-

177 1833 271 1917 cipiat
294 1833 443 1898 annulum
467 1838 498 1897 ct
520 1835 628 1898 tenens
650 1832 790 1897 dextram
812 1852 940 1915 sponsae
956 1835 1051 1917 ponat
1074 1833 1106 1897 in
1122 1832 1231 1916 pollice
1254 1833 1347 1917 ejus,
1385 1834 1434 1899 di·

178 1956 259 2016 cens,
282 1938 312 2002 in
338 1936 460 2002 nomine
485 1936 597 2015 Patris,
622 1938 654 2001 et
676 1935 720 1999 sic
742 1936 776 2000 in
798 1936 908 2015 indice,
935 1938 967 2001 et
989 1935 1057 2016 filii,
1081 1936 1192 2003 deinde
1209 1938 1242 2001 in
1258 1936 1378 2016 medio,
1403 1939 1435 2002 et

178 2040 312 2124 Spiritus
336 2038 452 2119 Sancti,
477 2060 577 2105 amen.
601 2039 765 2124 Sequitur:
789 2040 945 2106 benedicti
967 2040 1038 2105 sitis
1060 2060 1079 2105 a
1103 2042 1233 2107 Domino
1256 2093 1262 2106 .
1289 2093 1297 2107 .
1320 2093 1329 2109 .
1353 2042 1433 2123 Qui·

177 2145 235 2211 bus
259 2144 419 2227 completis
441 2144 676 2209 introducantur
698 2143 730 2208 in
751 2144 922 2212 Ecclesiam
954 2146 986 2209 et
1012 2146 1193 2210 statuantur
1216 2147 1291 2211 ante
1315 2146 1432 2211 Altare

178 2248 211 2315 iu
235 2249 359 2313 dextera
383 2250 487 2332 parte,
521 2248 628 2312 deinde
652 2248 746 2312 missa
770 2250 882 2332 agatur
902 2248 1007 2314 ordine
1029 2248 1209 2315 solemniter
1230 2302 1237 2317 .
1262 2300 1270 2316 .
1292 2300 1301 2317 .
1326 2251 1432 2315 Ante-

178 2372 270 2439 quam
294 2352 423 2433 dicatur,
447 2372 504 2439 par
525 2352 666 2431 Domini,
695 2371 823 2442 sponsus
846 2354 878 2417 et
900 2372 1011 2436 sponsa
1033 2354 1232 2440 prosternant
1254 2373 1323 2419 sese
1348 2359 1427 2419 ante

178 2458 277 2523 altare
300 2457 357 2523 sub
383 2458 456 2523 velo.
504 2458 544 2521 Et
566 2444 706 2523 sacerdos
729 2475 906 2535 conversus,
938 2477 1028 2541 super
1059 2476 1109 2523 eos
1140 2458 1225 2523 dicat
1246 2458 1333 2524 hanc
1356 2478 1430 2524 ora-

177 2562 293 2627 tionem
317 2561 405 2645 quasi
425 2561 555 2645 legendo
581 2615 586 2629 .
612 2615 619 2629 .
646 2616 652 2628 .
674 2560 824 2627 Oratione
847 2560 936 2626 finita
958 2581 1087 2646 sponsus
1109 2565 1141 2627 et
1163 2581 1275 2647 sponsa
1289 2566 1430 2647 surgant

178 2667 210 2731 et
231 2666 371 2730 sacerdos
395 2664 572 2731 convertens
596 2685 628 2730 se
652 2666 692 2729 ad
712 2667 811 2730 altare
834 2665 920 2730 dicat
942 2666 1007 2730 alta
1030 2686 1121 2732 voce:
1146 2666 1206 2731 Per
1228 2666 1335 2731 omuia
1357 2687 1431 2732 sae·

178 2771 249 2835 cula
272 2768 462 2835 saeculorum
489 2822 495 2835 .
522 2824 528 2837 .
554 2820 560 2832 .
584 2769 650 2851 Qua
674 2770 828 2853 completa
857 2790 916 2853 par
944 2769 1035 2835 detur
1057 2790 1177 2854 sponso.
1223 2770 1265 2833 Et
1291 2790 1432 2857 sponsus

178 2873 333 2961 osculetur
356 2892 498 2956 sponsam
520 2893 616 2941 suam.
663 2874 781 2957 Populo
807 2876 913 2939 autem
944 2894 998 2957 per
1028 2871 1123 2939 alium
1154 2874 1349 2940 sacerdotem
1379 2876 1430 2941 vel

178 2978 323 3047 clericum
346 2978 506 3042 diffidatur
529 2998 595 3061 par.

281 3082 341 3149 Ein
368 3082 581 3147 wonderbares
606 3082 895 3149 lllissucretandniss
926 3084 968 3149 ist
998 3104 1031 3149 cs
1062 3081 1190 3161 wieder,
1224 3102 1310 3145 uenn
1343 3081 1430 3148 Herc

179 3186 296 3252 Kovate
330 3186 418 3251 sinen
448 3187 517 3251 Eall
549 3186 634 3253 einer
661 3188 941 3269 Loicocopulotioa
970 3188 1002 3252 in
1034 3187 1193 3271 folgender
1216 3185 1431 3271 Mittlreilung

180 3290 279 3354 finden
305 3290 385 3355 will:
417 3290 506 3355 Anno
530 3292 613 3355 1298
634 3293 703 3374 post
725 3292 971 3376 purificationem
997 3293 1031 3356 B.
1056 3291 1194 3375 Virginis
1216 3294 1430 3366 corruenerunt

180 3392 349 3458 adducam
375 3393 715 3459 AustriaeinVienna
744 3395 876 3461 illustris
910 3396 970 3461 aex
998 3395 1156 3481 Ungariae
1183 3392 1324 3459 Andreas
1352 3414 1427 3459 cum

179 3516 270 3562 uxore
293 3516 348 3561 sua
372 3498 508 3583 Regina,
540 3498 725 3582 magnificus
756 3500 944 3565 Venceslaus
975 3500 1039 3564 Rex
1063 3498 1228 3564 Bohemiae
1257 3549 1263 3561 .
1288 3550 1295 3565 .
1322 3550 1329 3565 .
1354 3548 1362 3562 .
1388 3498 1428 3563 In

179 3600 287 3665 eadem
314 3600 495 3683 septimana¹
519 3602 595 3665 feria
627 3605 738 3687 quarta
768 3604 832 3687 (12.
861 3603 964 3684 Eebr.)
995 3604 1026 3667 iu
1057 3604 1232 3686 praesentia
1264 3604 1427 3667 tantorum

180 3704 327 3769 nobilium
351 3706 599 3789 supradictorum
625 3707 782 3789 copulavit
811 3727 863 3772 rer
893 3706 1049 3793 Ungariae
1081 3706 1179 3772 filiam
1208 3726 1276 3771 eum
1307 3704 1429 3791 (Elisa-

178 3808 319 3895 betham)
351 3808 415 3874 filio
438 3810 520 3893 regis
545 3810 711 3876 Bohemiae
739 3831 810 3879 cum
840 3812 959 3897 ingenti
992 3811 1127 3895 tripudio
1157 3813 1189 3876 et
1215 3810 1428 3890 solemnitate,

179 3914 215 3977 ut
238 3914 340 3979 decuit
361 3914 464 3979 tantos
489 3912 659 3997 principes3
683 3917 715 3981 ct
738 3918 804 3982 tota
827 3917 912 3981 terra
934 3915 1042 3999 gavisa
1064 3916 1111 3980 cst
1134 3915 1172 3980 de
1194 3933 1269 4005 pape
1292 3915 1323 3979 et
1347 3934 1426 3980 con-

179 4017 285 4083 cordia
306 4017 668 4101 tantor·um·Principum
698 4019 762 4085 Deo
790 4021 956 4097 relerentes
985 4020 1120 4105 gratiam
1147 4020 1180 4084 et
1211 4017 1364 4103 gloriam;
1394 4022 1428 4085 et

179 4121 328 4205 gloriam;
352 4123 383 4187 et
406 4121 450 4187 sic
474 4142 579 4188 omncs
601 4126 714 4190 reversi
737 4124 872 4189 suntad
895 4125 1026 4207 propria.
1066 4123 1203 4188 Annales
1226 4122 1426 4191 Zwetlenses.

179 4222 334 4308 (Katonaz
358 4226 498 4293 Historia
521 4228 636 4293 Critica
651 4227 721 4293 Vll.
736 4250 766 4313 p.
781 4229 873 4294 1185.
911 4228 1108 4312 Neuerdings
1130 4228 1427 4312 auchmitgetlreilt

178 4330 211 4391 in
241 4330 300 4394 den
331 4330 533 4398 Monumenta
564 4331 720 4397 Ecclesiae
750 4332 994 4418 Strigoniensis).
1040 4334 1117 4398 Also
1147 4332 1201 4399 der
1228 4332 1331 4417 Konig
1365 4352 1425 4399 von

182 4428 306 4513 Ungarn
341 4434 568 4500 rerhsirathete
603 4434 787 4521 (copulavit)
819 4438 901 4500 scine
929 4435 1064 4499 Tochter
1095 4456 1134 4500 an
1164 4436 1223 4500 den
1253 4434 1336 4502 Sohn
1371 4438 1427 4503 des

179 4528 301 4616 Konige
325 4554 382 4599 von
406 4538 544 4603 Bdhmen
568 4537 626 4601 mit
648 4557 776 4622 grosecn
798 4538 1054 4619 Ecstlichlreiten,
1078 4558 1116 4603 zu
1137 4539 1234 4606 denen
1256 4540 1425 4607 sicherliclr
