3050 4859
1182 1 1192 4 .
1219 1 1523 233 ’τ

167 221 231 293 274
323 246 413 301 Ourd.
433 244 572 315 drcbtep.
594 244 692 299 Coloe.
707 228 804 299 laam.
824 261 882 315 pro
902 236 1253 300 Viae-Arcbt·l)iacor'cis.

167 420 225 484 2·o
247 418 331 483 Num
353 418 511 485 structura
533 416 671 505 ejusdem
703 416 746 483 sit
780 418 812 481 in
843 416 947 482 debito
977 418 1088 483 statu?
1131 417 1165 482 Si
1188 410 1308 482 minora
1332 416 1415 482 vitia

167 522 390 603 observaverit,
423 522 499 589 baec
532 540 601 588 mox
635 540 688 589 scu
719 540 735 587 e
766 520 862 587 (lassa
880 521 1038 587 Ecclesiae
1061 520 1100 585 ad
1124 521 1205 587 vires
1227 521 1270 585 20
1292 520 1323 586 fl.
1348 521 1414 589 val.

167 630 276 706 austu,
298 626 331 691 in
353 628 503 711 quantum
527 626 665 711 ejusdem
688 626 790 693 status
812 627 933 690 activus
955 625 987 689 id
1010 617 1182 703 admiserit,
1203 644 1258 690 seu
1275 645 1328 708 per
1348 624 1414 689 Pa-

123 762 124 765 *
167 732 323 797 tronatum
346 728 453 796 sarciri
479 730 667 817 procurabit.
710 728 743 795 Si
776 748 846 795 uero
877 729 997 795 fabrica
1032 728 1186 794 Ecclesiae
1217 728 1415 812 reparatione

10 866 49 901 ;--
167 834 276 918 majori
296 834 460 919 indigeret,
486 854 564 921 quae
587 836 730 917 sumptus
753 820 955 899 notabiliores
977 834 1169 917 exposceret,
1195 833 1414 898 necessitatem:

25 1000 52 1015 „
113 1026 114 1029 Ἴ
167 938 262 1005 talem
282 938 346 1004 sine
370 958 455 1005 mora
477 938 587 1029 Officio
611 938 799 1004 Dioecesano
821 937 1002 1003 insinuabit.
1033 940 1090 1002 3·o
1111 936 1236 1003 Sacram
1254 936 1415 1002 Ecclesiae

29 1098 31 1107 .
55 1104 58 1111 ,
167 1042 396 1126 supellectilem
417 1043 507 1129 juxta
528 1043 750 1122 Inventarium,
774 1042 855 1126 quod
878 1042 909 1107 in
931 1041 1055 1125 singula
1077 1040 1217 1107 Ecclesia
1232 1041 1338 1106 adesse
1357 1040 1414 1105 de-

14 1146 22 1153 '
167 1146 230 1225 bet,
254 1142 423 1224 revidebit:
454 1166 527 1212 num
553 1147 725 1213 necessaria
748 1146 841 1225 adsit,
869 1165 908 1211 an
930 1146 962 1209 in
984 1146 1065 1210 bono
1086 1146 1182 1223 statu,
1206 1144 1272 1209 loco
1295 1145 1413 1223 debito,

10 1260 13 1277 ”
65 1312 66 1317 ,
168 1252 200 1315 et
221 1248 335 1316 munde
357 1253 578 1317 conservetur?
601 1270 640 1317 an
660 1251 761 1317 netors
785 1268 879 1317 norae
894 1249 1105 1333 procurandae
1121 1249 1204 1315 adsit
1218 1250 1415 1315 necessitas?

166 1353 340 1437 indagabit.
375 1354 528 1421 Minorem
551 1356 583 1421 in
606 1348 852 1441 supellectilibus
874 1354 1030 1419 deiectum
1046 1348 1115 1419 aere
1130 1354 1287 1418 Ecclesiae
1302 1353 1414 1417 sarciri

56 1464 57 1467 ’
169 1476 238 1539 mox
259 1458 452 1543 procurabit,
484 1476 538 1543 pro
567 1478 647 1526 nova
676 1466 799 1538 autem,
830 1476 910 1542 qnae
942 1458 1072 1542 maiores
1094 1458 1233 1541 deposcit
1253 1476 1414 1541 expensas,

165 1562 360 1647 'procuranda
382 1563 565 1631 facultatem
590 1564 628 1631 ab
652 1562 762 1630 Officio
785 1562 973 1628 Dioecesano
996 1564 1201 1645 expetiturus,
1233 1562 1415 1645 hujusmodi

166 1668 383 1733 necessitatem
412 1666 522 1734 Officio
545 1668 734 1734 Dioeccsano
755 1667 877 1734 referet.
923 1667 978 1733 4·o
1001 1666 1145 1732 Videbit:
1176 1686 1249 1731 num
1279 1664 1412 1745 Calices,

4 1844 42 1859 b,
165 1770 378 1837 Ostensorium
402 1773 433 1837 ct
456 1770 613 1837 Ciborium
637 1773 702 1838 sint
727 1771 831 1837 debite
860 1772 1022 1850 inaurata,
1050 1774 1226 1836 consecrata
1254 1772 1286 1835 et
1315 1770 1413 1835 bene·

20 1860 25 1867 ¹
50 1946 55 1965 ,
167 1874 277 1965 dicta?
299 1876 435 1960 alioquin
458 1879 494 1941 ut
515 1876 697 1944 inaurentur
719 1876 951 1959 procuraturus,
971 1877 1003 1941 et
1026 1874 1265 1953 benedictiones,
1284 1874 1318 1939 in
1340 1874 1415 1957 qui-

166 1980 224 2043 bus
248 1998 356 2063 nempe
376 1980 615 2047 consecrationis
638 2001 697 2047 non
720 1981 757 2046 lit
775 2000 858 2061 usus,
881 1980 1083 2064 perfecturus.
1109 1980 1166 2044 bo
1185 1977 1413 2063 Investigabit:

47 2104 48 2107 ¹
167 2102 240 2148 num
262 2101 356 2149 norae
380 2084 473 2149 statis
496 2085 695 2168 temporibus
720 2085 858 2168 antiquis
881 2085 1050 2150 consumtis
1072 2085 1287 2148 consecrentur
1308 2083 1413 2165 parti-

166 2184 280 2252 culae?
307 2188 363 2253 6-0
387 2187 472 2253 Num
495 2187 574 2271 lapis
596 2189 752 2274 portatilis
776 2189 807 2252 in
831 2188 954 2273 singulo
977 2186 1070 2252 altari
1093 2186 1185 2265 adsit,
1207 2189 1240 2252 et
1255 2206 1314 2252 non
1330 2184 1414 2251 forte

165 2291 198 2356 in
220 2290 324 2375 sigillo
344 2291 387 2357 sit
407 2291 564 2358 uiolatus?
596 2292 733 2378 alioquin
762 2292 858 2358 talem
886 2292 924 2357 ad
948 2290 1094 2358 Officium
1116 2289 1336 2356 Dioecesanum
1359 2310 1414 2356 re·

166 2394 268 2474 mitti,
292 2398 324 2461 ct
347 2396 394 2462 uel
418 2396 557 2481 sigillum
578 2396 753 2477 emendari,
777 2397 825 2463 vel
848 2380 984 2479 lapidem
1008 2415 1118 2461 uorum
1143 2396 1244 2479 expeti
1264 2414 1414 2478 procura·

165 2499 222 2567 bit.
253 2504 304 2569 7-0
326 2500 411 2567 Num
435 2500 588 2593 Tobaleae
611 2503 643 2566 et
664 2504 794 2584 mappae
808 2500 929 2565 Altaris
945 2500 1078 2584 triplicis
1098 2499 1213 2565 ordinis
1232 2499 1265 2564 et
1282 2498 1412 2583 quidem

166 2625 202 2670 ex
223 2606 358 2671 cannabe
382 2596 430 2672 vel
453 2605 540 2670 lino?
582 2604 828 2671 'tabernaculum
851 2605 926 2669 item
951 2607 1078 2688 totaque
1097 2604 1217 2687 reliqua
1238 2603 1412 2669 Instructio

166 2709 281 2775 munda
302 2709 389 2775 sint?
434 2705 493 2775 8·o
516 2708 600 2774 Num
624 2709 728 2775 adsint
749 2709 783 2774 in
805 2708 944 2774 Ecclesia
964 2708 1021 2774 -vel
1047 2695 1196 2773 sacristia
1225 2707 1328 2772 debite
1358 2708 1410 2772 in·

165 2816 302 2879 structae
324 2810 417 2879 Sedes
441 2810 708 2880 confessionales?
740 2830 852 2879 numus
883 2813 915 2877 in
943 2814 1008 2891 bis,
1039 2813 1088 2879 vel
1115 2813 1194 2877 lorte
1217 2814 1286 2896 post
1309 2830 1409 2890 aram,

165 2917 272 2983 autin
292 2917 412 3002 privato
434 2916 575 3009 cubiculo
598 2915 745 2983 Sacerdos
767 2917 907 2982 fidelium
929 2917 1061 3000 excipiat
1081 2916 1308 2982 confessiones?
1329 2916 1411 2981 item

164 3042 238 3087 num
267 3021 371 3087 adsint
399 3022 432 3086 in
459 3018 608 3087 Sacristia
636 3022 799 3087 Eormulas
831 3020 1079 3105 Praeparationis
1105 3022 1144 3086 ad
1171 3022 1203 3086 et
1226 3020 1410 3086 Gratiarum

165 3126 296 3193 actionis
318 3126 388 3212 post
409 3124 564 3191 Missam?
607 3126 662 3191 9·c
685 3128 734 3191 An
760 3126 894 3211 liquores
923 3125 1003 3191 sacri
1025 3127 1189 3209 quotannis
1213 3126 1409 3204 renoventur,

165 3230 278 3297 munde
301 3232 332 3297 et
354 3230 386 3294 in
409 3230 475 3296 loco
498 3230 619 3295 decenti
642 3232 883 3295 conserventur?
921 3230 994 3294 10-o
1017 3228 1101 3295 Num
1122 3229 1188 3295 lons
1211 3228 1409 3313 baptismalis

166 3334 258 3399 statis
270 3333 461 3417 temporibus
472 3333 653 3425 benedictus
665 3334 779 3400 munde
791 3334 823 3399 et
834 3335 891 3399 sub
902 3334 985 3413 ⁴clavi
997 3336 1217 3399 conservetur?
1235 3333 1309 3400 ll·o
1321 3332 1409 3398 Num

166 3438 260 3505 etiam
286 3437 406 3521 lampas
428 3440 576 3521 perpetua
598 3457 702 3503 coram
725 3437 928 3505 Sanctissimo
950 3436 1150 3503 Sacramenta
1174 3437 1304 3503 ardeat?

269 3540 297 3624 t.
324 3540 373 3608 ll.
407 3539 439 3607 Si
462 3540 601 3607 Ecclesia
622 3540 719 3608 habet
741 3541 852 3607 iuudos
875 3542 1058 3620 immobiles,
1086 3544 1161 3625 puta
1183 3560 1285 3626 agros,
1307 3543 1409 3625 prata,

165 3644 280 3722 uineas,
305 3644 360 3709 aut
382 3644 502 3710 hortos:
536 3644 714 3729 indagabit:
757 3666 796 3710 an
832 3646 864 3711 hi
895 3644 997 3712 debite
1020 3645 1209 3711 cultiventur
1232 3649 1264 3711 et
1286 3664 1410 3711 conser-

166 3749 297 3815 ventur?
326 3748 353 3813 si
383 3749 438 3815 bos
465 3749 620 3816 Ecclesiae
643 3748 745 3815 minus
768 3750 862 3816 utiles
886 3770 902 3815 e
922 3751 1003 3816 libro
1024 3745 1192 3815 Rationum
1215 3750 1407 3833 compererit,

165 3852 328 3937 indagabit
350 3852 383 3917 in
405 3872 531 3919 causam
555 3852 658 3937 hujus,
682 3856 714 3919 et
736 3852 900 3933 medelam,
929 3855 956 3920 si
977 3854 1080 3937 potest
1101 3872 1136 3919 ex
1158 3854 1329 3939 continenti
1352 3854 1409 3918 ad·

165 3944 259 4035 feret,
289 3975 377 4021 secus
394 3975 513 4023 ,causas
544 3958 720 4042 neglectus,
750 3960 806 4023 aut
835 3954 1080 4023 deteriorationis
1107 3956 1274 4023 fundorum
1292 3958 1408 4044 talium

165 4059 274 4126 Officio
304 4060 491 4127 Dioeoesano
520 4080 575 4145 pro
603 4080 740 4146 congrua
770 4062 889 4128 medela
919 4062 1060 4147 deteget,
1087 4061 1285 4145 —idipsum
1311 4062 1407 4128 etiam

165 4152 264 4248 quoad
286 4165 396 4230 tenuta
415 4164 604 4248 parochialia
626 4165 853 4233 observaturus.
886 4166 919 4231 Si
934 4168 1112 4232 tenatorum
1129 4165 1307 4249 hujusmodi
1323 4185 1406 4231 emo-

164 4267 304 4334 lumenta
326 4269 357 4333 in
381 4269 527 4335 arandam
551 4269 652 4335 locata
673 4271 787 4348 lorent,
810 4270 945 4351 videbit,
970 4290 1009 4335 au
1032 4270 1147 4335 arenda
1167 4270 1331 4354 quotannis
1355 4270 1407 4335 ao·

165 4375 270 4438 curate
293 4372 447 4441 Ecclesiae
471 4372 533 4463 (rel
557 4374 740 4461 Parocbiac)
764 4376 917 4454 solvatur,
951 4376 982 4440 et
1006 4375 1038 4439 in
1064 4377 1242 4458 perceptum
1267 4393 1321 4457 per
1343 4373 1407 4439 Ra-

163 4474 363 4542 tiooinantcm
388 4480 589 4545 assumatur?
620 4502 621 4505 ¹

269 4580 296 4663 ξ.
321 4582 370 4648 12.
405 4582 549 4651 Videbit:
579 4604 652 4649 uum
683 4583 774 4651 aedes
796 4580 988 4666 parochiales
1011 4583 1142 4666 atquae
1167 4581 1212 4647 eis
1235 4581 1407 4649 adbaerent
