3050 4859
135 164 200 231 288
291 140 382 239 Card-
401 182 542 252 Arcln'ep.
563 182 662 237 Coloe.
680 185 773 241 lustr.
791 200 852 253 pro
871 184 1223 254 Viae-ArchiDiaconia.

135 353 263 429 docendi
284 353 463 419 testimonio
485 354 626 436 provisus
647 355 713 419 sit?
735 374 775 420 an
798 355 899 420 officio
918 355 1103 420 snodebita
1125 374 1195 419 cum
1212 353 1383 438 diligentia

135 457 332 531 satisfaciat?
355 476 394 523 nn
418 458 649 523 corrvenientem
672 459 853 523 methodum
876 460 908 522 in
928 458 1127 526 institutione
1149 459 1321 523 adhibeat?
1347 459 1383 522 et

135 580 173 629 an
193 560 336 627 fidelibus
362 562 393 625 et
417 561 577 644 discipulis
594 562 681 629 omni
703 564 760 628 sub
778 563 891 628 obtutu
914 563 992 627 bono
1013 564 1152 645 exemplo
1175 564 1323 645 praeeat?

238 664 354 745 Quodsi
376 665 530 749 quispiam
553 665 726 731 Ducenium
748 666 786 731 ds
807 666 1017 750 negligentia,
1050 669 1106 731 aut
1136 667 1212 731 vitio
1233 666 1379 749 quopiam

134 769 246 835 morali
265 771 472 847 accusaretur,
494 770 526 833 et
548 772 701 851 paternae.
716 770 942 835 admonitiones
964 772 1072 853 optato
1092 770 1206 836 ellectu
1227 773 1379 847 carerent,

134 892 200 939 vern
221 893 275 957 pro
296 872 418 939 medela
441 872 653 951 Ordinoriatui
673 877 812 957 exponat.
907 900 916 909 ·

238 976 273 1061 g)
296 976 403 1059 Quoad
424 977 700 1060 frequentationem
732 978 856 1043 scholae
886 978 1006 1045 videat:
1039 998 1079 1044 an
1112 996 1219 1043 omnes
1254 978 1381 1043 scholae

135 1098 263 1164 capaces
285 1079 387 1163 proles
408 1080 545 1145 scholam
568 1080 736 1164 diligenter
756 1080 895 1147 adeant?
925 1102 965 1146 an
995 1084 1157 1166 catalogus
1178 1082 1380 1164 frequentan-

134 1185 214 1251 tium
237 1185 269 1249 et
291 1184 466 1249 absentium
488 1185 635 1250 adcurate
655 1185 819 1252 ducetur?
834 1205 874 1251 an
896 1187 1092 1270 negligentes
1110 1187 1216 1251 debite
1232 1204 1380 1251 monean-

135 1291 188 1353 tur
209 1289 240 1353 ct
263 1308 317 1371 pro
335 1307 369 1353 re
391 1289 466 1353 nata
488 1307 579 1354 sensu
602 1289 649 1373 §i
668 1290 717 1354 4-i
740 1290 821 1374 legis
843 1292 1035 1373 puniantur?
1209 1300 1211 1306 ’

204 1454 206 1458 .
238 1391 272 1476 ιι)
294 1392 344 1457 An
368 1396 491 1475 tempus
512 1392 720 1459 institutionis
740 1394 887 1459 adcurate
910 1396 1114 1460 observetur?
1199 1436 1203 1439 -

238 1495 262 1581 i)
283 1497 333 1561 An
356 1514 459 1562 omnes
482 1497 630 1562 materiae
652 1498 813 1581 legatenus
836 1500 1020 1581 praeceptae
1048 1499 1145 1588 jure,
1166 1500 1262 1564 libros
1288 1499 1379 1564 scho-

135 1600 208 1665 last
200 1619 262 1666 reos
286 1601 325 1665 ab
348 1601 549 1667 Ordinariatu
571 1602 777 1685 praescriptos
799 1601 931 1686 diligent
933 1620 966 1667 er
986 1603 1179 1669 doceantur?
1205 1604 1256 1668 An
1279 1603 1379 1686 proles

137 1705 225 1771 libris
248 1705 428 1771 necessariis
450 1704 553 1770 debite
575 1706 717 1788 provisae
740 1704 827 1771 sint?

149 1852 150 1855 =
241 1810 272 1891 k)
297 1809 469 1874 Genuinam
493 1810 638 1873 notitiam
662 1809 721 1873 sibi
744 1811 911 1892 comparet,
934 1829 973 1873 an
996 1811 1096 1892 proles
1119 1766 1308 1875 sholasticae
1323 1810 1378 1874 de·

139 1914 239 1979 bitum
268 1932 285 1977 e
316 1913 513 1995 praescriptis
545 1912 658 1978 studiis
688 1913 860 1997 profectum
889 1914 1041 1982 iecerint?
1085 1913 1186 1994 Quare
1208 1915 1236 1979 si
1257 1913 1380 1997 publico

137 2017 268 2081 examini
289 2017 438 2082 interesse
457 2035 516 2081 uon
529 2017 642 2099 potuit,
658 2017 792 2099 speciale
808 2019 1051 2083 tentamentum
1067 2019 1205 2101 prolibus
1220 2018 1378 2101 suscipiet.

154 2180 155 2183 ,
214 2156 216 2161 .
239 2121 265 2205 l)
288 2121 337 2185 An
354 2119 486 2185 Scholae
508 2120 738 2203 repetitioucles
760 2138 815 2185 seu
839 2122 1040 2187 dominicales
1063 2137 1154 2187 sensu
1168 2122 1313 2205 §g-orum
1326 2122 1379 2199 48,

137 2225 180 2289 50
202 2225 234 2289 et
256 2225 307 2291 52.
332 2224 411 2307 legis
432 2223 627 2289 introductae
650 2224 713 2289 sint
734 2226 766 2289 et
788 2225 955 2309 diligenter
974 2226 1232 2309 frequententur?
1283 2261 1284 2268 κ

1 2396 26 2406 ,
240 2327 285 2412 ιιι)
313 2326 363 2393 An
393 2327 486 2393 Sedes
515 2327 665 2394 scholaris
688 2329 828 2415 legitime
851 2330 952 2395 electa
979 2328 1062 2394 adsit
1084 2332 1176 2394 etan
1200 2329 1301 2395 officio
1324 2347 1379 2420 suo

139 2421 241 2497 debite
259 2422 490 2517 defungatur?
515 2436 516 2441 ’

240 2536 273 2621 ιι)
296 2536 443 2617 Querelas
465 2538 622 2602 occasione
646 2532 834 2602 visitationis
857 2536 1032 2602 scholarum
1060 2537 1160 2602 netors
1186 2537 1380 2621 emergentes

137 2640 253 2720 audiet,
273 2641 305 2717 et
327 2640 354 2705 si
374 2640 516 2724 possibile
538 2641 681 2723 optatum
697 2639 868 2706 remedium
882 2631 1068 2724 procurabit,
1090 2658 1178 2707 secus
1193 2637 1298 2706 autem
1313 2660 1379 2705 rem

137 2762 191 2829 pro
212 2743 337 2809 ferenda
358 2744 479 2809 medela
502 2744 716 2810 Ordiuarintui
738 2742 877 2827 eipcnet.

226 2851 270 2931 o)
306 2848 351 2915 Dc
384 2848 536 2915 resultabo
571 2848 759 2914 visitationis
793 2846 975 2915 Scholarum
1010 2848 1044 2911 -in
1079 2848 1204 2933 singula
1235 2848 1380 2931 parochia

137 2953 281 3036 peractae
308 2971 412 3017 mense
438 2951 613 3037 Septembri
643 2952 855 3019 Ordinariatui
885 2952 1057 3017 uberiorem
1084 2954 1269 3020 relationem
1296 2953 1379 3017 exhi·

137 3056 240 3134 babit,
271 3076 331 3140 quo
357 3056 515 3123 occasione
539 3056 632 3121 simul
653 3056 748 3121 etiam
772 3056 952 3120 Tabellares
976 3055 1179 3122 exhibitiones
1202 3056 1241 3121 de
1265 3056 1380 3122 sobolis

134 3160 224 3244 juxta
246 3160 412 3228 formulam
442 3160 500 3225 sub
532 3162 613 3225 25-a
643 3159 828 3225 Novembris
860 3159 943 3224 1870
978 3160 1034 3224 Νι.
1069 3160 1153 3225 1564
1187 3160 1380 3225 circulariter

137 3264 358 3348 praescriptam
388 3284 441 3347 per
472 3264 626 3331 Perochos
649 3262 852 3329 conficiendas
875 3281 946 3327 cum
967 3263 1032 3329 suis
1055 3264 1269 3330 reflexionibus
1292 3283 1381 3347 prae-

137 3368 283 3435 sentabit.

239 3472 268 3555 ξ.
292 3472 354 3536 bb·
379 3470 461 3537 Dum
489 3471 652 3556 quaepiam
682 3470 830 3539 Decentis
856 3472 952 3538 statio
974 3490 1155 3556 quacunque
1177 3472 1302 3537 domurn
1325 3490 1378 3536 ra-

137 3577 218 3641 tione
240 3575 381 3653 vacabit,
407 3575 444 3641 de
467 3594 502 3641 eo
525 3576 738 3641 Ordinarintui
759 3577 891 3643 indilate
913 3578 1042 3654 referet,
1072 3595 1210 3659 unaque,
1241 3578 1287 3641 ut
1304 3595 1378 3641 con·

137 3698 244 3747 cursus
266 3697 319 3762 pro
343 3679 524 3762 complenda
546 3681 682 3745 statione
711 3681 743 3745 in
767 3681 955 3747 dioecesanis
981 3679 1114 3765 pagellis
1145 3680 1241 3745 indici
1272 3680 1378 3763 possit,

139 3783 283 3851 stationis
306 3784 497 3849 dotationem
517 3786 655 3867 exponet.

240 3887 268 3971 ξ.
294 3888 345 3953 56.
387 3888 556 3971 Postquam
587 3906 752 3953 concursus
781 3889 933 3954 terminus
964 3888 1003 3953 ab
1033 3888 1233 3953 Ordinariatn
1264 3887 1380 3953 defixus

137 3992 169 4057 et
191 3991 332 4075 publicae
352 3990 481 4057 notitiae
505 3992 597 4057 datus
620 3993 739 4069 luisset,
764 3993 893 4057 eundem
917 3992 949 4056 in
971 3992 1102 4075 publicis
1117 4012 1236 4076 quoque
1249 3992 1379 4076 pagellis

137 4096 242 4160 sumtu
265 4114 284 4160 a
307 4094 520 4169 Communitat
487 4098 538 4161 ate
538 4096 715 4264 tpostulato
737 4096 896 4179 publicum
918 4096 1006 4161 reddi
1024 4096 1127 4161 faciet.

241 4198 269 4282 ς.
293 4199 344 4265 57.
382 4199 471 4263 Ne
462 4199 619 4265 institutio
651 4200 682 4263 in
719 4199 825 4265 schola
859 4220 913 4283 per
945 4203 1069 4282 tempus
1097 4200 1258 4267 vacantiae
1283 4200 1380 4264 inter·

137 4304 309 4385 rumpatur,
334 4302 398 4368 sine
422 4321 508 4367 mora
531 4302 667 4368 substiut
669 4306 736 4369 tum
760 4304 879 4369 Docent
864 4307 929 4369 tem
953 4303 1131 4387 applicabit.

242 4406 269 4489 ἕ.
294 4405 346 4474 58.
381 4408 537 4473 Recursus
560 4426 613 4489 pro
635 4408 803 4491 optinenda
825 4407 953 4472 Ducant
930 4410 971 4471 trs
993 4407 1067 4472 stat
1058 4427 1128 4473 rone
1150 4408 1208 4490 ipsi
1226 4406 1380 4472 exhibitos

138 4506 304 4589 diligenter
326 4510 485 4593 inspiciet,
514 4510 578 4575 illis
600 4512 864 4595 competentibus,
887 4512 940 4594 qui
960 4512 1151 4594 praescripta
1173 4510 1301 4577 docendi
1324 4511 1380 4575 ha·

1335 4825 1430 4849 ffl-—l
