3050 4859
2036 75 2039 83 Α
2111 2 2125 14 ·
2294 0 2943 71 ww*

340 95 469 163 ‘470
846 92 1035 169 'neca
1074 130 1123 169 a.
1160 111 1382 186 eonyr.
1419 115 1664 186 tnduzq.
1703 117 1803 172 αα.
1850 116 1942 174 31.
1978 117 2117 174 Jun
2151 117 2321 174 1883.
2477 130 2489 137 ·

340 283 528 353 Decr.
568 306 619 352 s.
665 284 891 372 Gonqr.
937 284 1188 370 Induly.
1221 287 1326 354 dd.
1359 291 1461 351 31.
1494 286 1642 354 Juli
1674 292 1869 366 1883,
1908 310 2028 371 quo
2057 295 2373 356 sanantur
2409 289 2564 358 Wae
2609 288 2905 357 Crucis

815 391 1146 458 erectiones
1189 411 1399 458 omnes
1440 391 1753 476 hucusque
1793 392 2076 460 invalide
2115 394 2346 476 factae.

1078 529 1443 595 Beatissime
1487 531 1713 596 Pater!

546 648 648 722 Fr.
699 651 1115 718 Bernardinus
1160 670 1197 717 a
1243 652 1438 717 Portu
1500 653 1832 718 Romatino
1893 653 2088 719 totius
2145 653 2462 721 Ordininis
2508 654 2895 720 Minorum

341 760 627 825 Minister
690 756 1013 822 Generalis
1067 755 1145 820 ad
1205 757 1389 839 pedes
1449 756 1838 822 Sanctitatis·
1883 757 2053 822 Tuae
2097 758 2453 854 provolutus
2499 758 2896 824 humiliter

338 864 602 948 exponit,
648 882 720 928 ex
763 861 1081 946 publicata
1125 861 1187 925 in
1235 861 1624 945 ephemeride
1666 863 1765 928 cui
1810 862 2072 930 titulus:
2121 865 2279 928 Acta
2325 863 2577 929 Ordinis
2625 864 2889 929 Mino-

338 989 477 1034 rum
523 954 929 1035 instructione
972 965 1047 1031 de
1092 965 1478 1031 Stationibus
1518 965 1579 1031 S.
1620 967 1769 1031 Viae
1816 967 2029 1033 Crucis
2071 967 2381 1051 erigendis
2423 968 2612 1034 fuisse
2668 987 2886 1034 com-

338 1077 605 1157 pertum,
654 1069 954 1155 ejusmodi
1000 1069 1311 1135 Stationes
1355 1089 1474 1135 non
1521 1071 1712 1135 semel
1756 1071 2026 1136 invalide
2073 1075 2312 1137 erectas
2358 1071 2566 1139 fuisse.

545 1185 750 1268 Quum
796 1187 1005 1250 autem
1050 1183 1378 1250 admodum
1423 1183 1681 1249 difficile
1723 1183 2020 1262 videatur,
2071 1185 2142 1249 ut
2174 1183 2527 1268 hujusmodi
2560 1184 2874 1267 erectio-

340 1311 452 1358 nes
491 1290 890 1367 renoventur‚
959 1287 1103 1352 hinc
1157 1307 1231 1352 ne
1277 1288 1493 1354 fideles
1538 1289 1865 1355 visitantes
1911 1287 2223 1354 Stationes
2267 1288 2535 1354 invalide
2584 1290 2869 1353 erectas

338 1392 747 1478 indulgentiis
791 1412 829 1457 a
865 1391 929 1459 S.
976 1392 1132 1459 Sede
1178 1395 1479 1461 concessis
1524 1393 1753 1477 privati
1792 1393 2097 1470 existant,
2144 1393 2467 1458 humiliter
2507 1393 2864 1476 supplicat

340 1499 597 1576 Orator,
651 1499 725 1562 ut
786 1496 1101 1562 Sanctitas
1146 1495 1271 1562 Sua
1316 1516 1524 1564 omnes
1572 1497 1631 1562 S.
1684 1497 1835 1562 Viae
1882 1497 2096 1562 Crucis
2141 1497 2456 1563 Stationes
2501 1497 2857 1580 hucusque

336 1603 609 1671 invalide
654 1604 891 1668 erectas
934 1601 1324 1667 convalidare
1379 1620 1452 1668 ac
1508 1604 1682 1668 ratas
1736 1602 1964 1668 habere
2016 1599 2327 1686 dignetur.
2417 1602 2619 1685 Quam
2676 1621 2850 1688 gra-

331 1707 493 1773 tiam
540 1709 657 1773 etc.

495 1820 773 1904 ,Vigore
838 1817 1197 1902 specialium
1262 1819 1635 1886 facultatum
1707 1839 1746 1885 a
1817 1819 2014 1885 Ssmo.
2084 1819 2240 1884 Duo.
2314 1819 2542 1885 Nostro
2612 1819 2847 1885 Leone

338 1924 525 2007 Papa
582 1923 792 1991 XIII.
852 1923 1230 1988 tributarum
1292 1923 1480 1990 Sacra
1543 1923 1958 2009 Congregatio
2021 1923 2435 2009 Indulgentiis
2491 1921 2841 2006 Sacrisque

247 2109 252 2115 ¹
337 2028 639 2114 Reliquiis
685 2027 1034 2115 praeposita
1080 2028 1353 2094 defectus
1403 2047 1651 2107 omnes,
1711 2029 1786 2094 de
1847 2028 2072 2113 quibus
2134 2029 2199 2092 in
2259 2027 2524 2111 supplici
2583 2028 2836 2105 libello,

337 2134 602 2218 benigne
646 2132 909 2199 sanavit.
1000 2130 1340 2198 Contrariis
1385 2133 1872 2216 quibuscumque
1918 2151 2037 2198 non
2083 2132 2494 2199 obstantibus.

542 2250 778 2321 Datum
837 2254 1067 2320 Romae
1130 2273 1202 2319 ex
1267 2253 1615 2321 secretaria
1678 2254 1953 2340 ejusdem
2023 2253 2084 2321 S.
2147 2253 2664 2340 Congregationis
2723 2253 2832 2318 die

337 2361 441 2428 31.
480 2359 649 2426 ..Iulii
680 2360 890 2425 -1883,
1745 2364 1751 2370 ’

1442 2479 1830 2564 franciscus
1873 2497 1951 2563 de
1994 2497 2061 2563 la
2109 2497 2301 2578 Vozpe
2318 2546 2334 2576 ‚
2382 2496 2611 2564 Secret.
