3050 4859
1187 1 1210 28 ,ν
1239 10 1245 17 ,,
1285 17 1288 28 Ι
1433 13 1441 23 .

1171 15 1225 58 'fl
1265 35 1271 54 r
1296 45 1304 54 .

1193 59 1210 80 Ι.
1226 69 1256 93 ..—
1286 61 1302 97 'r-

134 122 207 194 Ἰ64
525 142 638 212 Synod.
658 140 1109 212 diocesalt'eupolr'i.a.1882.
1208 184 1213 194 .
1338 149 1363 161 ··

164 316 220 383 aut
242 310 345 393 molle,
369 314 447 381 nihil
469 315 632 395 martiale,
668 317 724 381 aut
754 315 916 381 scenicum
940 314 1119 393 redoleant3
1149 300 1290 403 nihilque
1320 282 1410 403 pror·

10 484 13 495 ,
41 460 44 465 ·
165 438 217 485 sus
240 418 427 499 contineant,
450 419 532 505 qnod
554 439 616 485 nou
639 419 677 485 ad
700 420 850 503 pietatem
872 418 1046 500 forandam,
1077 418 1132 485 sed
1155 420 1257 503 potins
1280 419 1319 485 ad
1341 421 1412 485 ani-
1465 460 1470 466 -

166 542 249 618 mum
271 541 290 619 a
314 523 378 591 Deo
400 524 600 593 auertendum
624 522 745 590 tendat.
782 522 854 589 Sint
875 525 1037 607 praeterea
1059 525 1105 589 ita
1128 524 1279 603 distincti,
1315 526 1412 610 atque

165 626 211 693 ita
234 628 343 705 verbis,
368 646 404 693 ac
425 628 566 695 sensibus
589 647 643 713 per
663 628 756 695 rerba
772 629 921 711 expressis
941 627 1176 706 accommodati,
1193 632 1231 693 ut
1244 647 1300 693 uec
1316 630 1413 694 uerba
1510 663 1511 684 2

78 788 79 799 ,
165 751 238 799 sono
261 734 292 799 et
315 732 408 813 cautu
431 732 653 817 opprimantur,
676 735 708 797 et
723 732 793 815 pius
808 751 915 797 eorum
933 751 1041 797 sensus
1065 732 1320 798 subaudientibus
1338 752 1412 817 per-

164 837 308 923 cipiatur.
352 836 519 921 Nunquam
542 854 689 923 personae
713 837 828 903 diversi
850 855 939 901 sexus
963 836 1057 901 simul
1080 840 1246 903 concentus
1275 837 1414 903 musicos
1511 909 1512 916 ,

165 941 328 1025 peragant.
350 940 450 1005 Immo
471 940 701 1024 suspensionem
725 960 744 1005 a
767 941 973 1006 celebratione
993 940 1108 1005 Missae
1122 941 1189 1025 ipso
1205 940 1287 1007 facto
1306 929 1414 1019 iucur-
1511 937 1512 1002 ἶ

164 1046 236 1113 rant
258 1044 403 1123 Parocbi,
424 1044 516 1111 aliine
539 1044 687 1111 Ecclesiis
710 1044 877 1127 praefecti,
909 1063 1102 1129 quocumque
1136 1045 1258 1111 nomine
1292 1030 1414 1111 nuncu-

165 1152 287 1235 pentur,
308 1148 367 1235 qui
384 1148 565 1215 mulieribus
587 1148 784 1233 permittunt,
808 1151 843 1213 ut
864 1149 978 1215 Missas
1001 1149 1174 1229 sollemnes,
1198 1150 1337 1233 aliasque
1360 1169 1413 1218 sa-

166 1273 233 1319 cras
256 1252 429 1319 functiones
451 1254 547 1319 cautu
567 1254 802 1337 prosequantur.
847 1253 884 1318 ld
907 1254 1028 1318 licitum
1052 1253 1094 1317 sit
1116 1255 1240 1319 tantum
1264 1254 1414 1345 Moniali·

165 1358 224 1425 bus
253 1357 384 1443 aliisque
417 1357 540 1425 leminis
567 1357 603 1422 iu
633 1357 857 1423 communitate
879 1357 1084 1443 degentibue3
1117 1361 1153 1424 at
1173 1358 1270 1439 Maus,
1293 1357 1327 1423 iu
1350 1378 1413 1441 quo

166 1464 293 1541 emunt,
321 1462 363 1527 sit
392 1460 521 1530 clathris
556 1463 593 1553 ut
625 1460 700 1527 velis
732 1462 779 1525 ita
802 1461 1013 1529 circumdatus
1041 1464 1079 1527 ut
1102 1464 1248 1528 canentes
1270 1462 1411 1545 conspici

165 1569 330 1651 nequeant,
351 1586 518 1651 earumque
541 1584 639 1645 voces,
659 1566 812 1649 quantum
824 1566 891 1631 fieri
903 1566 1026 1650 poterit,
1043 1586 1211 1650 numquam
1227 1566 1291 1631 sint
1302 1566 1413 1651 singu·
1513 1551 1515 1624 l

166 1672 257 1739 lares.
302 1671 453 1737 Volumus
474 1670 607 1753 denique
629 1671 662 1734 ot
683 1669 898 1753 praecipimus,
916 1672 950 1735 ut
965 1670 1174 1737 instrumenta
1194 1670 1315 1736 musica
1329 1690 1412 1755 quae

164 1776 198 1841 iu
220 1776 367 1843 Moclesiis
397 1774 544 1841 adbibere
567 1774 740 1869 ueneranda
762 1774 934 1859 antiquitas
957 1776 1083 1840 minime
1113 1775 1284 1852 cousuevit,
1318 1760 1410 1858 prae·

165 1882 274 1947 sertim
289 1878 466 1964 cymbalum
490 1896 584 1945 novae
606 1877 853 1957 constructionis,
879 1878 972 1963 vulgo
993 1879 1185 1962 Pionoforte,
1205 1880 1246 1945 ab
1264 1879 1413 1947 lloclesiis
1513 1883 1514 1928 ἲ

165 1984 301 2051 Nostrae
325 1981 571 2049 Archidioecesis
591 1982 715 2048 omnino
738 1982 951 2049 excludantur.
996 1982 1082 2065 Quae
1105 1984 1208 2048 omnia
1232 1984 1268 2048 ut
1297 2002 1409 2049 execu-

165 2089 243 2157 tioni
268 2086 503 2164 demandentur,
526 2086 688 2153 nonnullos
710 2087 812 2163 viros,
842 2092 910 2152 tum
939 2087 1184 2164 ecclesiasticos,
1214 2088 1282 2152 tum
1313 2088 1412 2153 laicos

167 2194 304 2260 musicae
324 2190 528 2276 peritissimos
550 2191 779 2270 constituimus,
791 2191 844 2275 qui
859 2191 944 2257 intra
958 2190 1089 2255 duorum
1105 2210 1254 2257 annorum
1273 2193 1412 2280 spatium

166 2317 185 2365 a
207 2295 455 2381 promulgatione
478 2294 570 2379 hujus
592 2294 728 2380 Synodi,
760 2296 981 2377 compositones
1010 2295 1160 2373 musicas,
1191 2296 1256 2361 sive
1278 2298 1411 2377 veteres,
1514 2343 1515 2384 ,

166 2403 231 2471 sive
247 2419 348 2479 novas,
373 2399 539 2485 diligenter
555 2399 746 2477 examiueut;
764 2418 876 2483 easque
891 2400 1015 2465 tantum
1031 2399 1200 2483 adprobent
1212 2418 1265 2495 pro
1281 2400 1409 2468 Nostris

165 2505 322 2585 Mcclesiis,
347 2523 426 2589 quae
450 2506 547 2569 menti
568 2504 660 2588 hujus
686 2503 809 2569 Decreti
831 2503 1044 2587 respondeant.
1069 2503 1157 2571 Unde
1180 2506 1324 2570 omuibus
1347 2506 1409 2571 Pa-

165 2611 278 2689 rocbis,
298 2611 392 2694 atque
415 2608 624 2675 Ecclesiarum
644 2607 830 2673 Rectonibus
860 2608 1044 2673 mandamus
1066 2610 1099 2673 et
1121 2608 1328 2692 praecipimus
1351 2610 1411 2675 sub

165 2715 263 2801 gravi,
287 2717 324 2779 ut
345 2714 415 2799 post
437 2713 556 2778 duobus
577 2712 666 2777 annis
690 2712 809 2777 nullam
831 2711 926 2778 aliam
949 2713 1100 2778 musicam
1122 2713 1155 2776 iu
1177 2713 1241 2777 suis
1260 2713 1412 2779 Ecclesiis

87 2806 93 2819 ’
151 2819 344 2898 admittant,
359 2836 438 2902 quae
454 2802 652 2901 a'praedietis
668 2817 753 2895 viris,
766 2817 879 2882 collato
896 2816 1032 2899 consilio,
1045 2817 1216 2884 adbrobata
1227 2835 1287 2881 nou
1303 2817 1410 2882 luerit.

271 2921 310 2989 M.
339 2922 374 2987 ln
398 2921 504 2989 Missis
527 2922 634 2987 autem
658 2921 860 2987 sollemnibus
883 2922 970 2985 extra
992 2921 1119 2987 chorum
1137 2922 1251 3000 omnia,
1274 2940 1354 3007 quae
1380 2920 1414 2987 iu

45 3108 47 3111 ¹
167 3028 259 3093 choro
281 3027 397 3094 Sobata
418 3046 528 3091 cauere
549 3026 638 3104 solet,
663 3045 682 3090 a
704 3026 884 3091 cantoribus
913 3026 1084 3104 canantur,
1114 3044 1224 3109 nempe
1247 3026 1412 3105 Introitus,

167 3132 282 3219 Kyrie,
315 3130 459 3217 Hymnus
486 3130 674 3217 angelicus,
706 3128 861 3195 Graduale
893 3128 942 3195 vel
971 3129 1122 3213 quidquid
1154 3130 1183 3195 ei
1210 3130 1414 3207 subsiluitnr,

169 3236 276 3315 Credo,
298 3234 439 3313 Sanctus,
461 3238 570 3319 Agnus
594 3234 662 3313 Dei,
686 3232 877 3312 Communia,
900 3236 1003 3298 cetera
1035 3228 1221 3317 hujusmodi.
1266 3234 1349 3300 Item
1379 3234 1413 3299 in

38 3344 41 3349 '
169 3340 311 3424 Vesperis
347 3339 549 3405 sollemnibus
583 3341 670 3403 extra
707 3337 834 3404 chorum
869 3341 1020 3403 canantur
1061 3356 1166 3403 omues
1201 3338 1414 3421 Antiphouae,

167 3444 298 3525 Psalmi,
317 3443 461 3533 hymnam,
483 3445 516 3509 et
536 3442 693 3509 cauticum
714 3442 916 3527 Mapuificat.

271 3547 330 3615 111.
351 3548 433 3615 Ante
456 3566 599 3633 auroram
622 3547 707 3613 netas
730 3546 774 3611 sit
796 3546 952 3612 celebrare
974 3545 1181 3624 festivitates,
1204 3545 1413 3626 novendiales,

166 3653 271 3721 tridua
294 3653 343 3721 rel
367 3670 486 3719 menses
509 3651 604 3717 alicui
627 3650 785 3735 mysterio,
817 3650 879 3715 vel·
897 3649 1027 3729 Sancto,
1061 3650 1111 3715 vel
1142 3650 1258 3715 Bautae
1286 3649 1413 3733 Virgini

166 3776 269 3825 sacros
292 3756 379 3842 (Syn.
402 3754 540 3821 Dioeces.
564 3752 654 3820 Card.
680 3753 806 3837 Pignat.
831 3753 866 3821 P.
891 3752 1006 3833 111,o.
1030 3754 1060 3833 5,
1085 3753 1115 3837 ξ.
1138 3752 1225 3839 Vl.),
1249 3752 1310 3818 uisi
1324 3753 1414 3836 prius

166 3882 186 3929 a
207 3862 318 3943 Nobis,
341 3861 390 3927 rel
410 3858 533 3925 Vicario
555 3858 660 3925 nostro
679 3856 825 3923 Generali
846 3857 974 3923 licentia
996 3858 1126 3924 obtenta
1145 3857 1249 3936 fuerit,
1289 3860 1415 3923 serrata

166 3986 286 4053 semper
308 3966 384 4031 hora
406 3983 533 4031 aurorae
557 3982 611 4047 pro
633 3961 791 4029 Sacrificio
812 3961 938 4029 Missae.
985 3962 1078 4028 Horis
1100 3964 1206 4052 autem
1229 3961 1414 4045 vespertinis

166 4089 377 4158 quaecumque
399 4088 505 4137 sacrae
527 4068 702 4134 functiones
726 4086 786 4133 nou
809 4067 961 4133 ducantur
983 4066 1067 4133 ultra
1101 4069 1225 4149 ternpus
1256 4067 1414 4131 statutum

166 4177 200 4241 in
221 4175 442 4244 Notificatioue
465 4173 526 4239 diei
548 4173 601 4238 31.
625 4171 805 4237 Decembris
831 4172 912 4237 1881
945 4171 1048 4256 posita
1069 4170 1103 4236 iu
1125 4169 1302 4254 Appendice
1327 4190 1412 4235 nam.

170 4281 373 4367 VMJ,.quam
392 4278 426 4345 iu
450 4277 592 4343 omnibus
615 4274 834 4342 confirmamus
856 4294 928 4343 cum
948 4275 1065 4343 adnexa
1087 4293 1186 4360 poena
1202 4273 1413 4357 suspensionis

166 4404 220 4471 per
241 4386 305 4450 tres
318 4370 393 4449 'dies
416 4402 435 4450 a
458 4380 669 4449 celebratione
691 4379 818 4445 Missae.

269 4487 324 4557 IV.
369 4487 557 4557 Resumatur
578 4485 611 4551 iu
633 4481 766 4569 singulis
789 4483 943 4562 Paroeciis
974 4483 1104 4569 aliisque
1135 4481 1282 4549 Maciesiis
1313 4481 1412 4567 (quod
