3050 4859
319 147 409 203 Ourd.
431 149 570 217 Archtep.
592 147 690 203 Octoc.
710 149 879 218 10010ον0
897 149 1250 205 vace-Archelatacooir.
1289 135 1303 142 '¹
1324 144 1393 233 ξω·
1423 129 1429 140 ’

159 323 265 399 nuent,
288 320 339 385 hic
362 339 431 385 vero
452 320 549 385 talem
565 319 708 385 “absentis
731 319 957 385 excusationem
980 338 1071 403 penes
1090 321 1299 388 Protocollnm
1322 322 1401 388 don-

29 452 40 473 ,-
160 424 351 509 gregatiouis
374 422 483 490 Officio
506 423 694 489 Dioeoesano
717 424 891 489 submittet.
1088 416 1092 421 ’

264 530 292 613 ξ.
315 530 366 595 28.
402 528 689 594 00000001001000
713 528 849 613 singuli,
883 530 920 592 ut
951 527 990 592 ad
1020 526 1122 593 locum
1146 527 1403 614 Congregatiouis

160 633 280 698 mature
302 632 508 715 compareant,
533 651 571 696 00
593 633 821 715 exspectatione
845 632 876 697 et
896 650 982 697 mora
1003 632 1143 717 longiore
1162 632 1299 716 tempus,
1321 633 1403 717 quod

160 756 215 819 pro
237 736 461 803 consultatione
485 734 670 814 destinatur,
694 736 759 801 eine
783 734 886 800 fructu
908 734 1105 822 prodigatur.
1149 734 1238 802 Unde
1260 734 1403 803 adruinus

160 840 235 904 bora
259 858 337 905 noua
361 839 515 904 matutina
537 838 656 923 singuli
676 838 784 905 adesse
807 840 963 924 satagent,
988 841 1022 904 ut
1046 858 1116 905 mox
1136 858 1190 923 pro
1206 858 1301 920 sacro,
1322 840 1403 925 quod

161 962 239 1009 unus
262 964 278 1009 e
302 942 555 1009 Dittrictualibus
579 940 797 1009 Sacerdotibus
820 943 943 1026 praevie
965 931 1020 1027 per
1043 942 1329 1010 Veh-Diaconum
1352 964 1403 1010 re·

159 1046 326 1131 quirendus
348 1048 449 1133 leget,
467 1048 506 1113 'in
529 1047 669 1113 Ecclesia
687 1065 884 1130 comparere,
913 1046 1004 1113 finito
1027 1065 1098 1113 vero
1120 1066 1207 1114 sacro
1229 1047 1312 1114 illico
1334 1066 1403 1115 con-

158 1150 258 1218 sidere
280 1153 312 1216 et
333 1151 602 1237 congregationem
627 1150 763 1235 occipere
786 1151 914 1235 possint.
1126 1143 1129 1147 ⁴

224 1306 227 1313 .
263 1256 291 1338 ἓ.
317 1256 368 1323 29.
421 1255 529 1321 Modus
564 1256 669 1320 autern
705 1253 909 1320 asservandae
946 1253 1203 1340 Congregationis
1237 1255 1288 1321 hic
1321 1257 1400 1323 erit:

158 1359 326 1442 praemisso
360 1378 413 1443 pro
445 1359 636 1425 invocatione
669 1358 766 1424 divini
804 1357 909 1423 auxilii
943 1378 998 1442 per
1024 1356 1400 1427 Viae-Archi·l)iaconnm

159 1463 330 1529 inchoando
351 1466 383 1529 et
406 1482 424 1528 a
447 1463 566 1528 cunctis
589 1462 682 1527 simul
704 1462 863 1527 recitando
885 1461 1017 1547 hymno:
1052 1462 1149 1527 »Veni
1177 1462 1304 1529 Creator
1331 1462 1401 1549 Spi-

158 1567 255 1632 ritus«
282 1569 313 1634 et
336 1568 497 1651 subjuncto
522 1566 670 1632 versiculo
699 1566 839 1631 »Emitte
862 1564 1013 1649 Spiritum
1035 1566 1143 1631 tunm«
1179 1586 1216 1633 ac
1238 1566 1399 1635 Oratione:

161 1672 273 1749 »Deus
298 1672 350 1756 qui
372 1672 464 1737 corda
486 1670 656 1750 fidelium«
692 1669 966 1737 V.·A.-Diaconus
986 1670 1072 1735 brevi
1093 1670 1227 1755 alloquio
1249 1670 1399 1738 salutabit

159 1776 292 1857 Fratres.
322 1776 401 1841 Tum
414 1756 575 1859 legentur:
601 1776 654 1840 1-0
679 1774 1401 1859 Ρο010001100000000001001000000000000οὼ

159 1900 220 1945 nna
245 1900 314 1945 cum
337 1880 587 1945 Resolutionibus
611 1877 837 1958 Ordinariatus,
861 1877 994 1962 quaein
1017 1897 1094 1943 nexu
1111 1878 1248 1945 actorum
1265 1879 1400 1965 Congre-

158 1983 293 2068 gationis
322 1984 450 2049 ultimae
482 1982 582 2049 0010ῐο
616 1982 869 2063 intervenissent,
903 1982 1023 2065 (debita
1045 1982 1245 2048 nihilominus
1267 1983 1398 2064 cautela,

158 2108 236 2171 quae
270 2086 387 2170 Capitis
418 2085 466 2152 2-1
497 2088 525 2172 ς.
550 2088 600 2153 22.
633 2086 824 2165 inculcatur,
858 2086 954 2152 etiarn
989 2106 1069 2152 nuuc
1104 2087 1298 2171 observutb3)
1312 2089 1399 2153 *tum

160 2192 287 2257 Praescs
311 2192 349 2256 ad
373 2192 531 2276 singulum
555 2193 703 2275 punctum
731 2190 924 2256 Relationem
946 2210 964 2255 a
988 2189 1111 2256 Curatis
1126 2192 1239 2275 exiget,
1262 2212 1337 2257 nnm
1353 2212 1397 2274 ea,

158 2316 236 2380 quae
258 2315 311 2380 per
334 2296 438 2379 ipsum·
458 2295 622 2380 disposita,
659 2297 714 2360 aut
745 2315 798 2379 per
826 2293 973 2361 Officium
1004 2294 1225 2361 Dioeccsanum
1257 2296 1400 2363 ordinata

157 2402 246 2477 sunt,
272 2400 448 2466 executioni
464 2400 615 2465 mandata
637 2398 833 2464 habeantur?
876 2398 910 2464 Si
932 2398 999 2478 ita,
1021 2398 1060 2465 de
1082 2399 1195 2467 ellectu
1218 2399 1398 2467 adcuratam

157 2505 352 2571 Relationem
386 2504 496 2570 Officio
527 2504 712 2569 Dioecesano
746 2502 842 2569 simul
873 2503 1043 2585 praestari,
1077 2521 1166 2570 secus
1197 2524 1286 2583 vero,
1316 2505 1397 2589 quod

158 2607 332 2692 neglectum
357 2609 414 2686 est,
438 2608 597 2673 effectuari
617 2606 792 2691 adurgobit.
818 2643 858 2655 -
880 2608 935 2672 2-o
958 2607 1115 2691 [regentur
1136 2607 1398 2692 1100001100οΡ0·

157 2712 303 2791 storalbo,
333 2710 506 2778 Oirculares
537 2712 756 2788 Diocaesanae,
787 2729 866 2794 qnae
889 2729 907 2774 a
929 2712 1066 2794 tempore
1089 2711 1201 2777 ultimo
1223 2712 1396 2779 celebratae

158 2815 412 2901 congregationis
431 2817 634 2891 emanarunt3
656 2815 749 2899 idque
770 2815 831 2880 line
854 2814 967 2899 partim
984 2814 1261 2899 recapitulationis,
1281 2817 1395 2899 partim

156 2920 364 3003 procurandae
376 2920 494 3006 ocycris
510 2920 680 2999 uniformis,
697 2919 897 3004 certiorisqua
913 2939 966 3003 per
981 2921 1123 2985 mutuam
1138 2920 1397 2987 consultationem

156 3025 359 3091 exsecutionis
381 3029 413 3090 et
435 3024 655 3091 observantiae.
692 3026 750 3089 3-0
775 3024 833 3089 Pro
853 3024 1024 3091 observatis
1043 3043 1097 3107 per
1110 3024 1249 3108 singulos
1267 3025 1397 3091 curatos
1506 3023 1508 3114 J

155 3128 187 3193 iu
210 3128 273 3193 suis
296 3128 439 3193 fidelibus
461 3146 515 3194 seu
535 3128 724 3205 delentibus,
755 3128 937 3212 corruptelis
959 3128 1016 3193 aut
1034 3128 1207 3195 0000001000
1229 3145 1284 3193 000
1303 3129 1396 3212 spiri·
1505 3123 1507 3196 j

154 3232 292 3297 tualibus
324 3232 520 3316 indigentur,
555 3252 609 3317 per
641 3233 723 3316 ipsos
757 3250 839 3296 nuuc
872 3231 904 3296 iu
939 3231 1076 3297 medium
1112 3230 1261 3313 prolatis,
1294 3232 1333 3297 de
1362 3252 1397 3299 eo
1504 3263 1505 3266 ¹

156 3336 279 3402 venient
300 3336 481 3403 conferenda
503 3337 631 3403 consilia
639 3358 654 3401 :1
679 3336 814 3419 qualiter
844 3335 1024 3420 corrigenda
1048 3335 1164 3418 optime
1185 3335 1315 3421 corrigi,
1347 3336 1397 3402 vel

156 3441 321 3523 compertis
337 3441 518 3526 indigentiis
534 3440 699 3507 salubriter
715 3440 872 3505 subveniri
887 3440 995 3524 possit.
1021 3440 1080 3505 4·o
1096 3439 1242 3524 exquirat
1257 3442 1396 3520 Praenes,
1490 3455 1495 3468 ·

155 3546 239 3629 00011
264 3546 328 3610 0010
348 3546 380 3610 et
401 3545 566 3629 diligentia
595 3544 700 3609 fideles
726 3545 756 3609 in
780 3543 913 3629 singulis
936 3542 1096 3610 Parecbiis
1118 3545 1316 3628 hequentent
1335 3544 1393 3611 Sa·

155 3651 313 3715 eramenta
337 3649 551 3717 Paenitentiae
574 3650 607 3715 et
628 3648 870 3715 Eucharistiae?
892 3648 1046 3732 (relaxata
1068 3647 1118 3713 his
1138 3648 1328 3733 obligatione
1347 3649 1396 3714 di·

155 3754 285 3819 stinctas
309 3771 398 3838 super
422 3772 456 3819 eo
478 3752 661 3829 relationes,
690 3752 739 3816 uti
768 3752 918 3818 hactenus
941 3752 1076 3837 vigebat,
1100 3752 1285 3837 singillatim
1306 3772 1396 3836 prae-

155 3856 288 3940 sanun
319 3876 392 3923 nurn
426 3874 484 3921 uon
512 3856 730 3941 Distriotnales
753 3856 879 3921 Fratres
900 3855 1007 3942 aliqua
1028 3875 1082 3940 pro
1103 3858 1211 3922 mutua
1234 3857 1392 3922 consulta-

154 3961 238 4026 tione
260 3961 461 4045 propouenda,
486 3960 581 4026 dubia
603 3960 793 4037 resolvenda,
820 3959 948 4027 consilia
972 3960 1150 4045 expetenda,
1174 3961 1290 4027 autad
1314 3960 1393 4027 offi-

156 4063 237 4127 cium
265 4065 486 4129 Dioecesanum
514 4064 674 4130 referenda
701 4064 860 4129 babeant?
904 4066 990 4147 Quae
1013 4064 1067 4131 nbi
1090 4063 1247 4149 proposita
1269 4064 1393 4142 inerint,

156 4166 194 4232 de
213 4166 252 4231 iis
273 4168 404 4234 invicem
428 4169 667 4247 concertabant,
701 4170 879 4253 mutuisque
908 4168 1044 4233 consiliis
1072 4165 1230 4252 negotium
1249 4166 1394 4251 'expedire

155 4272 186 4335 et
209 4270 402 4355 complanare
425 4273 580 4357 satagent.
615 4272 675 4337 Ubi
698 4292 770 4338 vero
793 4292 841 4337 res
863 4272 929 4337 sine
952 4271 1261 4360 011100100010010110
1277 4270 1394 4336 influxu

155 4374 292 4457 superari
315 4375 463 4459 nequiret,
487 4374 637 4441 medelam
660 4376 699 4441 ab
722 4374 833 4441 Officio
859 4374 1054 4454 Dioeoesano,
1077 4376 1110 4440 in
1126 4374 1164 4439 iis
1179 4393 1258 4459 quae
1274 4393 1393 4441 moram
1480 4443 1484 4464 Ι

154 4478 325 4563 patiuntur,
349 4499 405 4545 non
430 4477 561 4564 quilibet
583 4499 637 4564 pro
659 4499 709 4558 se,
733 4478 805 4559 sed',
828 4482 863 4545 ut
886 4499 935 4546 res
957 4478 1097 4565 expedite
1119 4475 1242 4565 agatur,
1265 4482 1341 4545 mox'
1358 4498 1393 4546 ex

10 4790 201 4806 ——hss
212 4803 224 4806 ,,
