3050 4859
130 141 193 205 342
381 156 469 210 Decr.
489 172 512 210 s.
535 152 645 225 Oouqr.
667 152 801 209 Consilii
820 155 849 208 d.
863 154 892 208 d.
910 154 935 206 1.
957 153 1027 207 Dec.
1046 152 1129 207 1883.
1195 228 1199 234 ν

134 347 305 412 >unamque
326 328 365 391 ab
388 326 487 391 altera
510 342 568 391 non
592 345 700 408 parurn
724 326 847 389 differre
862 322 935 407 quia
949 324 1156 390 Canoniat
1106 326 1156 389 est
1168 324 1224 408 jus
1239 327 1380 393 habendi

133 432 288 499 ›sedem'
275 454 311 498 aa
331 430 424 498 storo
448 432 480 495 et
501 446 604 495 vocem
628 430 660 493 in
684 430 821 512 capitulo
844 428 1081 494 exelectione
1072 429 1259 509 intrabam,
1283 449 1378 557 prue-

133 537 252 603 ›benda
273 555 343 602 vero
367 554 402 599 er
425 553 457 599 se
480 551 539 600 non
563 534 657 598 babet
680 533 837 599 sedamen
857 533 978 598 choros
1259 551 1263 557 ⁴

235 638 330 705 Oonst
330 638 450 705 iu'tto
438 655 507 722 Jure
537 638 640 703 favore
671 638 884 703 ‘canonicorum
918 633 1172 703 Academicorum
1198 639 1380 704 intereundi

130 744 238 823 choro,
266 742 387 826 liquido
421 741 528 807 scadet
558 742 674 807 eisdem
705 739 756 825 jus
789 756 860 806 esse
889 740 1076 825 percipiendi
1103 742 1301 825 quotidianae
1328 744 1383 808 di·

130 846 348 914 stributiones:
380 864 452 911 nam
479 864 515 911 ex
537 846 698 911 notissimo
720 844 840 931 injure
862 846 1022 930 principio,
1043 844 1284 911 distributiones
1299 859 1383 931 quo‘·

129 944 266 1018 tilianae
299 970 317 1015 a
347 950 500 1016 canonicis
532 948 696 1015 lucrantur
730 970 788 1015 nen
823 948 944 1015 ratium
977 950 1134 1033 benefici,
1169 951 1223 1015 sed
1255 952 1382 1018 ratione

129 1056 267 1123 serodii:
288 1055 334 1121 ita
356 1055 392 1118 ut
415 1052 625 1119 admittantur
647 1052 686 1119 ab
709 1054 898 1132 absentibus,
922 1054 1083 1118 lucrentur
1104 1071 1216 1119 veroa
1230 1064 1385 1139 praesen*-

130 1160 224 1226 tibus.
271 1158 317 1224 De
346 1158 428 1223 buca
455 1156 509 1224 *De
532 1160 638 1241 jocep.
663 1153 789 1239 Discep.
814 1156 864 1220 10.
888 1175 917 1223 u.
941 1156 1381 1243 numquamnumquam
1501 1163 1502 1166 ’

130 1270 201 1332 tam.
231 1261 286 1329 Vl.
309 1282 338 1327 n.
366 1263 415 1326 12.
446 1262 613 1344 laguenas
643 1263 676 1327 iu
700 1282 769 1341 cap.
800 1255 880 1329 Gum'
898 1260 1040 1327 Dilectus
1060 1262 1100 1327 de
1115 1262 1227 1345 praet.
1249 1264 1385 1331 Moneta

81 1368 83 1373 '
131 1366 181 1433 De
202 1366 338 1433 Distrib.
364 1364 451 1431 Paci.
475 1366 523 1431 Π.
549 1370 676 1447 quaest:
708 1372 737 1431 1.
758 1388 793 1431 a.
817 1370 849 1431 7.
869 1367 1055 1449 quapropter
1074 1367 1202 1431 minime
1226 1368 1382 1433 dubitau-

130 1471 204 1535 dum
228 1469 355 1554 dejure
382 1470 636 1535 Academicorum
660 1468 854 1553 percipiendi·
872 1467 1106 1535 distributiones
1126 1471 1331 1553 matidianus:
1357 1492 1363 1504 ‘

235 1574 283 1639 nt·
311 1574 474 1658 opponitur
505 1574 568 1657 juri
602 1572 859 1639 Academicorum
893 1574 985 1639 chero
1019 1572 1222 1639 interessendl
1252 1576 1386 1642 obsim

130 1679 390 1762 dispensationem
414 1696 507 1761 quam
531 1676 676 1741 Summus
700 1678 843 1743 Pontifex
865 1676 979 1742 eisdem
1003 1678 1169 1743 concessit:
1200 1668 1382 1763 nempe'bd

130 1783 291 1848 servitium
321 1783 406 1847 ebori
434 1781 533 1846 teneri
564 1780 729 1846 dummodo
762 1801 821 1846 non
844 1781 959 1845 luerint
979 1781 1122 1865 impediti
1145 1783 1183 1846 ab
1207 1803 1298 1849 onere
1320 1784 1382 1849 do-

131 1887 220 1952 cendi
241 1887 275 1951 in
298 1886 507 1952 Universitate
531 1884 735 1951 Oraooviensi.
781 1886 826 1951 At
855 1884 1022 1951 notandum
1052 1885 1176 1951 omnino
1204 1906 1317 1952 novum
1346 1890 1383 1953 in

128 1991 198 2074 jure
229 2009 296 2055 esse
329 1989 465 2074 gratiam
493 2008 512 2053 a
542 1988 574 2070 bi.¹
607 1988 759 2055 Pontifice
792 1982 970 2054 concessam
1003 1990 1230 2073 praejudicium
1262 1992 1382 2057 interra

128 2095 251 2178 juribus
273 2094 358 2158 illius
381 2093 468 2177 cujus
492 2092 596 2158 favore
619 2092 722 2176 gratia
743 2094 806 2158 fuit
823 2092 914 2159 data:
938 2094 1000 2159 imo
1020 2094 1054 2158 in
1070 2113 1143 2159 casn
1158 2095 1190 2159 id
1207 2096 1381 2160 absurdum
1403 2153 1411 2163 .

132 2198 361 2266 evidentissime
384 2198 449 2274 est,
481 2197 509 2261 si
534 2213 607 2279 prae
629 2195 726 2262 oculis
748 2197 922 2263 habeantur
945 2198 1039 2263 uerba
1062 2198 1196 2265 decreti:
1224 2200 1381 2283 siquidem

132 2304 189 2367 sub
213 2320 295 2367 num.
321 2300 356 2367 7:
387 2301 463 2366 haee
485 2301 648 2365 habentur.
697 2301 758 2367 »Ut
790 2302 893 2366 cultus
924 2300 1046 2367 divinus
1075 2304 1238 2387 omniaque
1269 2305 1382 2371 munia

132 2409 164 2472 et
186 2405 287 2471 olficia
310 2406 342 2470 in
366 2405 504 2470 Ecclesia
527 2406 633 2470 nostra
658 2404 840 2471 cathedrali
869 2406 929 2471 rite
959 2408 991 2471 et
1021 2406 1124 2472 debito
1153 2407 1258 2472 ordine
1285 2426 1381 2490 pera·

131 2512 247 2595 gantur
270 2511 301 2573 ot
322 2510 538 2589 absoluantur,
563 2510 760 2591 principalis
787 2530 864 2575 cura
895 2517 923 2575 et
952 2510 1101 2594 abdicatio
1123 2514 1256 2594 quatuor
1277 2512 1379 2578 Prae·

131 2615 204 2679 latis
227 2616 258 2678 et
280 2615 348 2679 octo
370 2613 530 2679 (lenonicia
554 2616 661 2696 primo
689 2616 870 2680 moratis
897 2614 1075 2679 incumbat:
1107 2614 1278 2682 Gauoaieis
1302 2638 1380 2684 ocra

131 2718 332 2785 Academicis
353 2718 388 2782 iu
410 2723 531 2783 matam
559 2720 595 2782 ia
624 2722 774 2800 quautam
800 2739 857 2799 per
884 2719 990 2801 officia
1019 2720 1223 2801 parochialia
1251 2725 1280 2786 et
1307 2742 1380 2787 mu-

130 2824 217 2887 ueris
230 2822 402 2903 primarii,
427 2841 488 2903 qua
505 2822 702 2903 professores
719 2822 885 2903 pubblicae
910 2821 1146 2901 universitatis,
1175 2845 1241 2889 aaa
1256 2826 1382 2908 fuerim

130 2926 288 3008 impediti5
322 2926 507 3009 quapropter
542 2924 636 2989 iidem
669 2925 707 2989 ad
731 2925 950 2992 'visitationem
976 2925 1115 3009 quotidie
1138 2927 1292 2993 aeclesiae
1316 2928 1380 2995 Oa·

130 3029 296 3109 thedralis‚
319 3030 527 3112 praesentiam
548 3030 685 3111 tempore
710 3030 884 3095 divinorum
906 3030 1097 3109 officiorum,
1122 3031 1231 3096 diebus
1259 3032 1380 3097 feriali·

130 3134 204 3212 bus,
227 3136 260 3199 et
283 3134 409 3198 turnum
433 3133 667 3217 septimanalem
689 3155 753 3199 aaa
768 3134 1011 3218 obstriaqautar.
1037 3135 1088 3199 Ad
1105 3135 1252 3219 maiorem
1268 3139 1378 3201 tamen

131 3237 269 3302 decorem
301 3237 458 3303 Ecclesiae
486 3237 623 3302 canonici
649 3238 828 3302 Academici
853 3289 859 3302 .
885 3289 892 3302 .
916 3288 922 3301 .
946 3291 952 3305 .
975 3239 1117 3304 omnibns
1140 3239 1249 3306 diebus
1272 3240 1377 3306 demi-

132 3340 209 3405 nicis
233 3392 241 3406 .
264 3394 271 3408 .
296 3390 303 3405 .
325 3392 332 3406 .
356 3340 467 3424 quibus
490 3340 636 3406 lectiones
652 3340 840 3407 Academiae
860 3343 982 3421 cessant
1006 3395 1013 3409 .
1033 3392 1041 3408 .
1060 3393 1091 3411 ..
1116 3341 1379 3411 choroiateresse

131 3450 292 3510 teneantur
318 3445 411 3527 atque
440 3445 472 3508 in
501 3445 772 3512 distributionibus
795 3467 896 3529 aequa
918 3447 1009 3512 laace
1030 3467 1100 3513 eum
1121 3448 1201 3515 aliis
1216 3448 1378 3529 aratam

132 3554 160 3613 et
182 3549 342 3613 cauoaicis
359 3550 626 3630 mandibularum

235 3650 269 3716 Si
292 3670 364 3735 ergo
387 3651 533 3717 Canonici
557 3652 733 3717 Academici
760 3653 906 3717 tenentur
936 3654 1115 3719 muneribus
1145 3657 1378 3721 canonicalibus

132 3755 309 3821 satisfacere
331 3758 366 3820 in
388 3762 509 3821 tantum
531 3757 565 3821 iu
588 3762 738 3838 quautam
756 3778 816 3837 per
835 3758 941 3840 officia
958 3759 1161 3839 parochialia
1184 3767 1213 3825 et
1234 3762 1377 3826 muneris

127 3860 284 3940 primarii
315 3859 443 3926 docendi
474 3881 539 3926 aaa
568 3861 689 3943 saeriat
720 3861 881 3941 impediti,
915 3862 1111 3945 consequitur
1142 3864 1378 3930 evidentissime

132 3962 248 4028 eisdem
272 3963 426 4029 canonicis
448 3982 508 4029 nen
531 3966 631 4029 solum
659 3965 710 4047 jus
734 3983 801 4029 esse
820 3965 1023 4041 interessendi
1043 3968 1135 4032 choro
1154 3969 1377 4049 impedimento

132 4074 305 4147 cesssaute,
337 4068 390 4133 sed
419 4068 515 4134 etiam
537 4075 680 4135 casaur
702 4070 881 4133 muneribus
904 4071 1132 4137 canonicalibus
1154 4072 1255 4137 facere
1278 4072 1376 4141 eatis:

131 4172 203 4255 quia
225 4173 256 4238 in
280 4191 354 4237 casu
376 4173 478 4257 gratia
500 4174 586 4240 tenet
609 4192 706 4255 usque
729 4173 805 4238 dum
833 4193 927 4240 causa
953 4175 1152 4259 dispensandi
1179 4178 1377 4259 perseverat:

133 4276 270 4341 cessante
294 4295 388 4342 eausa
410 4276 597 4360 dispensatio
620 4277 744 4343 corruit.
791 4278 832 4342 Ill
861 4299 968 4343 revera
994 4300 1075 4345 nuuc
1103 4282 1250 4363 temporis
1280 4300 1379 4346 causa

132 4377 328 4459 dispensandi
350 4381 471 4448 deficit:
501 4400 594 4459 nam,
616 4382 754 4447 testante
776 4384 893 4448 rectore
917 4383 1149 4462 Universitatis‚
1181 4402 1293 4450 munus
1315 4386 1376 4450 de-

133 4480 220 4543 oendi
249 4481 341 4549 taoile
371 4486 512 4568 componi
539 4486 642 4569 petest
670 4504 742 4550 cum
770 4505 861 4551 onere
883 4488 1094 4554 satisfaciendi
1116 4488 1227 4555 officiis
1248 4488 1375 4553 canoni·
