3050 4859
716 193 1086 257 Neurisso‘n,
1130 194 1216 247 De
1247 197 1509 249 vicariis
1548 196 2005 262 capitularibus
2044 196 2114 247 in
2153 195 2384 249 Gallia.
2705 177 2781 241 51

507 362 685 427 Prior
730 369 872 446 p‘ars
921 362 1106 447 hujus
1145 363 1390 427 articuli
1437 363 1594 427 votis
1642 362 1933 428 ecclesiae
1980 364 2227 428 omnino
2275 362 2540 441 favebat,
2588 365 2785 429 altura

294 484 439 531 vero
482 460 672 531 causa
719 469 813 531 est
859 466 1133 531 omnium
1181 466 1575 546 dissidiorum
1621 486 1776 551 quae
1826 466 2003 531 hodie
2064 467 2428 549 praesertim
2480 469 2640 533 inter
2688 489 2789 533 en-

295 570 549 634 clesiam
597 573 661 636 et
708 570 1086 635 Gubernium
1135 574 1271 635 orta
1316 573 1480 637 sunt.
1926 635 1932 639 .

460 683 465 689 ’
508 674 741 740 Vicarii
785 674 1160 758 capitulares
1215 675 1313 739 hic
1377 675 1858 759 aequiparantur
1908 675 2155 740 vicariis
2219 677 2644 759 generantium
2713 665 2785 741 nh

295 799 520 844 nomen
565 778 813 862 quidem
860 779 1010 863 ipsis
1055 780 1295 863 proprie
1342 780 1652 863 pertinens
1696 779 1757 842 in
1796 780 2043 845 decreto
2075 781 2512 862 pronunciatur
2548 801 2616 845 an
2652 781 2785 845 iden

296 870 688 973 confirmatio*
727 903 935 960 eorum
984 885 1315 961 electionis
1367 884 1529 950 sicut
1576 885 1638 948 et
1688 884 2073 949 Vicariorum
2121 885 2500 968 generalium
2544 885 2782 965 Epis-nn-

296 1008 538 1073 porum,
587 988 979 1056 a‘Gubernio
1021 989 1322 1072 exigitur3
1371 988 1533 1073 quod
1568 990 1787 1053 ‘tamen
1836 988 2009 1054 nulla
2053 989 2192 1076 lege
2238 989 2540 1053 innititur.
2600 993 2785 1065 Nam,

297 1093 502 1176 quoad
537 1092 637 1177 jus
683 1094 1170 1157 nominationum
1227 1092 1539 1158 Gubernio
1586 1092 2105 1175 acceptandarum
2166 1094 2237 1157 nt
2296 1097 2580 1169 valeant,
2648 1113 2789 1157 nnn*

298 1189 619 1263 cordatum
659 1194 970 1281 paroecias
1019 1199 1263 1262 tantum
1311 1198 1552 1281 proprie
1606 1197 1805 1262 dictas
1852 1196 2090 1262 innuit:
2139 1198 2436 1263 articulus
2480 1201 2640 1261 enim
2684 1201 2789 1261 ds-

299 1303 502 1368 cimus
547 1302 638 1368 sic
681 1302 807 1367 ait:
870 1301 1106 1367 »iidem
1164 1302 1450 1386 Episcopi
1501 1301 1578 1366 ad
1627 1301 1939 1385 paroecias
1984 1302 2424 1377 nominabunt;
2492 1325 2600 1365 nen.
2648 1321 2785 1385 per*

297 1426 481 1474 sonas
526 1407 790 1491 seligent
836 1406 956 1471 nisi
1002 1406 1312 1471 Gubernio
1357 1409 1702 1490 acceptas«
1771 1405 1911 1484 Sed,
1958 1426 2067 1488 pro
2113 1406 2432 1471 effectibus
2484 1409 2785 1485 sisinnus,

299 1531 373 1578 ac
419 1512 783 1596 praesertim
843 1512 918 1576 ob
970 1511 1347 1594 stipendium
1395 1530 1537 1586 ase
1583 1511 1854 1576 solutum
1881 1560 1895 1589 ,
1953 1510 2073 1575 sibi
2130 1511 2404 1577 vindicat
2468 1513 2564 1593 jus
2632 1513 2789 1573 ansi-

294 1616 509 1699 piendi
560 1616 656 1681 vel
717 1616 1042 1681 recusandi
1102 1617 1237 1680 tum
1300 1615 1563 1681 vicarios
1630 1616 1986 1700 generaleS,
2057 1616 2193 1679 tum
2277 1617 2600 1680 canonis-is
2656 1617 2789 1697 jani

297 1720 422 1785 rite
468 1720 712 1787 electos
853 1729 857 1735 ’

509 1823 639 1889 Iste
699 1814 917 1890 modus
977 1824 1205 1908 agendi
1256 1843 1327 1888 ex
1373 1826 1548 1908 parte
1593 1823 1920 1909 potestatis
1970 1823 2169 1890 civilis
2214 1824 2380 1889 haud
2428 1845 2564 1885 rai-n
2616 1825 2781 1889 nisa

301 1930 571 1993 cultates
615 1930 828 2013 utique
875 1928 1227 2013 generavit,
1286 1929 1391 1993 sed
1441 1929 1641 1993 multo
1682 1928 1994 2012 graviores
2034 1929 2225 2007 fiunt,
2284 1929 2548 2011 quamln*
2576 1933 2644 1989 dn
2697 1929 2789 1993 ⁴ri*

302 2034 490 2099 cariis
524 2024 983 2117 'capitularibus
1025 2034 1255 2119 agitur,
1307 2035 1377 2098 ut
1420 2033 1605 2098 facile
1652 2034 2043 2117 perspicitur.

509 2137 755 2203 Etenim
796 2137 1146 2221 jurisdictio
1194 2136 1407 2203 vicarii
1455 2137 1823 2221 capitularis
1863 2157 1934 2203 ex
1970 2137 2079 2201 illo
2110 2138 2331 2220 incipit
2360 2141 2636 2201 instante
2672 2157 2789 2221 [gun

302 2243 435 2327 ejus
483 2231 702 2307 electio
750 2261 787 2307 a
832 2243 1103 2325 capitulo
1150 2244 1400 2325 peracta
1452 2245 1547 2306 est
1594 2261 1665 2306 ac
1711 2242 2069 2306 immediate
2116 2242 2350 2326 expirat
2412 2249 2544 2305 tnta
2600 2245 2789 2325 juris—

304 2347 497 2412 dictio
542 2346 832 2430 capituli,
880 2346 978 2411 cui
1027 2346 1199 2411 nulla
1244 2348 1524 2411 remanet
1571 2347 1844 2430 potestas
1889 2346 2159 2429 eligendi
2208 2365 2424 2411 novum
2476 2349 2782 2429 capitula-

301 2471 470 2529 rem,
520 2450 642 2516 nisi
686 2451 749 2515 in
795 2450 1037 2515 casibus
1084 2450 1451 2530 rarissimis,
1501 2471 1560 2539 V,
1600 2472 1657 2534 g.
1703 2451 1766 2514 in
1815 2470 1961 2516 casu
2009 2470 2198 2516 novae
2244 2453 2580 2517 vacationis
2624 2453 2789 2533 regi>-

301 2556 489 2621 minis
537 2555 830 2621 ecclesiae
874 2574 982 2638 per
1026 2555 1262 2619 obitum
1312 2555 1707 2638 capitulariS,
1777 2556 1939 2639 quod
1998 2556 2093 2619 vix
2156 2556 2218 2619 in
2282 2554 2488 2621 Gallia
2552 2557 2789 2621 etenira

302 2661 526 2744 potest,
574 2659 878 2744 siquidem
926 2678 1055 2723 mos
1101 2662 1196 2724 est
1238 2661 1444 2743 plures
1489 2659 1861 2743 capitulares
1907 2658 2301 2725 constituere.
2360 2661 2544 2725 Purra}
2580 2661 2789 2725 sicarii

304 2750 982 2848 capitularessstatim
1030 2765 1166 2847 post
1211 2764 1572 2829 electionem
1628 2783 1841 2843 suam,
1904 2764 1967 2827 in
2025 2765 2268 2851 magnis
2316 2765 2793 2829 difl'inultatibus

304 2870 649 2935 versantur.
739 2857 935 2947 Nam,
983 2887 1052 2932 ex
1099 2887 1220 2933 una
1265 2870 1476 2951 parte,
1523 2868 1859 2933 secundum
1906 2868 2109 2952 legem
2149 2869 2540 2946 canonicam,
2592 2869 2789 2933 admi-

305 2973 738 3039 nistrationem
787 2972 1078 3038 dioecesis
1119 2974 1180 3037 in
1230 2972 1511 3037 manibus
1558 2972 1685 3036 suis
1732 2973 2012 3056 protinus
2055 2992 2272 3057 capere
2317 2976 2640 3049 tenentum
2709 2977 2789 3049 et,

308 3098 377 3142 ex
424 3078 625 3142 altera
665 3078 860 3161 parte,
908 3077 1243 3141 secundum
1293 3077 1560 3143 mentem
1601 3076 1758 3160 legis
1810 3076 2026 3153 civilis,
2068 3077 2360 3142 deberent
2408 3081 2717 3141 abstinere
2761 3097 2793 3141 a

307 3182 586 3265 quolibet
630 3180 950 3265 regiminis
995 3182 1174 3259 actu,
1235 3200 1374 3246 cum
1424 3201 1460 3245 a
1506 3180 1819 3247 Gubernio
1868 3181 2140 3246 noudum
2182 3183 2476 3264 recogniti
2532 3185 2789 3253 irini-int:

306 3304 484 3351 secus
530 3304 733 3350 coram
778 3284 963 3351 Statu
1015 3290 1406 3351 censerentur
1467 3285 1531 3349 in
1594 3304 1847 3349 munera
1904 3284 2173 3350 nondum
2206 3271 2351 3349 ‘sibi
2424 3289 2797 3365 pertinentia

307 3391 608 3456 invasisse
653 3390 715 3455 et
761 3389 922 3455 actio
969 3390 1167 3453 civilis
1210 3390 1275 3453 in
1323 3409 1424 3455 eos
1471 3376 1737 3472 competi
1786 3390 2012 3473 posset.
2124 3388 2129 3394 ’

520 3494 725 3579 Vulgo
773 3493 1052 3578 quidem,
1121 3493 1365 3577 quando
1418 3495 1584 3558 inter
1638 3493 1977 3559 Ecclesiam
2025 3494 2089 3559 et
2134 3492 2380 3559 Statum
2432 3513 2572 3557 usus
2628 3493 2797 3577 pusi*

309 3598 464 3665 ficus
512 3598 938 3677 intercederet,
985 3598 1436 3663 incommodum
1484 3597 1548 3662 in
1586 3599 1754 3682 praxi
1790 3598 2095 3662 modicum
2132 3599 2283 3662 erat.
2332 3597 2492 3663 Nun]
2532 3601 2793 3681 primum

308 3704 528 3770 vicarii
567 3704 884 3789 generales
932 3702 1212 3786 Episcopi
1259 3702 1537 3768 defuncti
1586 3695 1680 3768 'vel
1725 3702 2014 3767 translati
2063 3701 2424 3786 plerumque
2460 3705 2524 3765 in
2556 3705 2797 3785 sapitu-

310 3808 473 3874 lares
515 3806 972 3891 deputabantur
1017 3807 1109 3873 ita
1153 3809 1226 3872 ut
1270 3807 1623 3873 informatio
1670 3826 1825 3891 quae
1858 3827 1895 3871 a
1926 3790 2236 3871 Gube‘rnio
2269 3809 2412 3871 ants
2444 3825 2648 3869 ¹sni-un]
2697 3829 2793 3869 tit?-

312 3913 658 3996 ceptionem
704 3931 941 3996 semper
982 3912 1117 3977 fieri
1163 3910 1450 3996 jubetur,
1514 3931 1635 3976 non
1674 3910 1939 3996 'longam
2005 3930 2237 3975 moram
2302 3913 2672 3993 requirerem
2737 3913 2797 3973 et

310 4019 462 4082 tunc
509 4015 725 4082 vicarii
772 4016 1144 4100 capitulares
1189 4016 1276 4081 rei
1322 4014 1741 4099 usurpationis
1798 4034 1927 4079 esse
1989 4035 2106 4079 non
2162 4015 2596 4089 censebantur,
2668 4017 2797 4077 {ju-

311 4121 526 4186 bernio
570 4121 713 4186 illos
759 4120 962 4185 adhuc
1005 4122 1322 4204 spectante
1375 4122 1675 4204 tanquam
1725 4138 1865 4185 vere
1926 4119 2187 4183 vicarios
2244 4121 2588 4203 generales,
2652 4117 2801 4181 lin-st

315 4225 491 4291 sedes
535 4242 762 4291 vacans
809 4226 1002 4305 esset,
1070 4225 1406 4314 usquedum
1463 4225 1707 4289 eosdem
1756 4223 2209 4309 recognovisset
2252 4223 2345 4286 uti
2396 4225 2652 4285 vivarius
2701 4245 2801 4285 na-

315 4330 639 4413 pitulares,
689 4348 759 4394 ac
799 4330 1050 4413 proinde
1099 4330 1334 4393 nullum
1376 4328 1478 4413 jus
1524 4328 1902 4393 amittebant
1948 4326 2027 4393 ad
2068 4326 2436 4409 stipendium
2484 4329 2640 4409 [lund
2676 4329 2801 4389 sire

318 4453 425 4518 pro
474 4434 721 4499 vicariis
768 4434 1179 4517 generalibus,
1229 4433 1357 4498 sive
1401 4452 1508 4517 pro
1556 4431 2025 4515 capitularibus,
2081 4429 2281 4494 simile
2328 4433 2440 4494 esi..
2532 4433 2705 4509 {gund
2749 4429 2797 4493 si

318 4540 531 4605 tamen
571 4538 680 4603 alii
727 4557 798 4603 ac
841 4538 1054 4604 vicarii
1100 4538 1415 4626 generales
1458 4536 1724 4622 episcopi
1776 4533 2054 4599 defuncti
2100 4533 2200 4598 vel
2237 4533 2528 4599 translati
2572 4533 2797 4593 [sensti-

2496 4633 2592 4693 4*
