3050 4859
371 182 473 238 Cauca
493 181 618 237 Gracco
637 183 674 237 dc
685 182 754 253 jur.
774 183 953 250 ccuemcor.
971 183 1140 236 academie.
1315 164 1379 230 343

136 356 273 421 colibus:
308 354 494 439 quapropter
523 353 650 419 minime
683 352 820 419 dubitari
851 353 953 437 potest
987 352 1024 417 de
1052 351 1123 436 iure
1157 349 1377 418 Canonicorum

136 458 390 525 Academicorum
413 457 615 523 interessoudi
637 457 744 536 choro,
779 458 811 522 et
834 456 1022 540 percipiendi
1045 455 1280 522 distributiones
1302 477 1379 542 quo·

136 563 280 631 tidianos.

239 667 307 733 Hoc
332 665 502 735 constituto
531 665 626 731 dubia
657 664 813 750 proposita
842 664 991 731 facillime
1020 663 1200 733 diluuntur:
1232 662 1378 730 canonici

136 769 304 841 academici
334 770 424 855 juxta
453 768 612 837 decretum
642 768 870 839 relormationis
899 768 972 834 nunt
999 768 1062 833 reri
1092 769 1123 835 et
1154 767 1274 853 proprie
1301 768 1379 833 dieti

135 873 275 941 canonici
295 873 333 939 de
357 872 474 958 gremio
495 872 651 956 Capituli,
677 872 812 956 exceptis
834 872 989 938 nonnullis
1012 872 1184 957 privilegiis
1206 874 1243 939 ob
1266 890 1378 937 munus

135 977 262 1045 docendi
283 978 398 1043 eisdem
421 976 590 1055 concessis3
616 994 688 1061 ergo
712 976 850 1041 canomci
863 974 1043 1043 Academici
1057 976 1164 1043 eadem
1175 976 1248 1059 jnra
1262 974 1378 1042 habent

135 1101 172 1149 ac
193 1081 289 1147 ceteri
310 1080 470 1149 canonici:
502 1099 611 1165 nempe
631 1080 683 1165 jue
704 1080 907 1147 interessendi
927 1080 958 1145 iu
981 1080 1075 1146 choro
1095 1081 1238 1147 omnibus
1260 1080 1378 1159 diebus,

132 1186 184 1269 juo
212 1184 399 1269 percipiendi
419 1184 655 1251 distributiones
677 1184 893 1269 quotidianae,
914 1184 967 1268 jus
990 1182 1214 1251 interveniendi
1236 1184 1379 1250 manibus

135 1289 320 1356 sessionibus
343 1288 586 1373 capitularibus,
604 1326 606 1333 ι
618 1288 669 1372 jus
703 1288 830 1355 sedendi
864 1288 896 1351 in
928 1288 1022 1354 choro
1050 1290 1084 1353 et
1103 1287 1285 1371 procedendi
1307 1307 1378 1353 cum

136 1393 281 1477 Capitale
301 1394 520 1459 intercalares
540 1391 709 1459 canonicos
732 1392 823 1476 juxta
845 1392 984 1458 ordinem
1006 1392 1102 1459 senii:
1132 1393 1213 1458 ratio
1232 1391 1324 1457 unica
1346 1392 1380 1458 et

136 1496 346 1581 princepaen
368 1496 441 1581 quia
465 1495 603 1562 canonici
624 1496 792 1563 academici
810 1496 925 1576 babent
944 1497 1124 1562 catumeum
1135 1498 1194 1580 jue
1213 1498 1379 1563 cononice:

135 1601 256 1683 oportet
278 1618 351 1685 ergo
370 1600 515 1667 fruantur
529 1600 671 1665 omnibus
692 1600 755 1665 illis
774 1600 901 1684 juribus
912 1618 991 1683 quac
1006 1600 1046 1664 ad
1061 1599 1204 1665 tramitae
1222 1599 1378 1684 jurispru-

18 1702 20 1707 ’
132 1703 255 1771 dantiae
276 1704 423 1771 canoniea
445 1704 619 1769 inhaerent.
