3050 4859
55 3607 74 3864 ’.ην-’.ν’
52 3518 60 3594 ”““”
52 3498 53 3504 ⁴

500 177 699 233 Const.
724 177 836 232 111.
865 177 952 231 De
974 178 1148 231 cultu
1167 178 1288 231 div.
1331 174 1476 244 Cap.
1497 176 1553 228 4.
1580 173 1669 229 De
1691 175 1984 245 eoeequc'is,
2009 172 2280 240 furter-ib.
2297 176 2355 228 et
2371 186 2554 228 eoem.
2680 157 2760 221 fii*

281 350 598 420 destiaac
635 348 980 420 reverentia
1003 390 1030 425 ,ψ
1058 331 1238 432 [quae
1299 366 1519 431 corpus
1566 348 1661 411 tot
1710 343 1976 428 Spiritus
2022 342 2234 409 Sancti
2282 342 2760 410 charismatibus

283 455 599 539 signatum
648 454 717 533 et¹
749 452 1064 536 perfusum
1111 451 1321 529 decet;
1371 451 1450 515 ad
1500 451 1794 516 feretrum
1842 468 2080 532 semper
2110 448 2370 515 ardeant
2414 448 2623 533 aliqua
2668 449 2760 513 lu-

278 559 466 637 mina,
512 557 739 634 saltem
787 578 996 635 unum,
1041 558 1366 641 tamquam
1412 555 1761 640 symbolum
1808 553 1969 642 fidei,
2019 573 2203 637 quam
2249 552 2578 618 defunctus
2624 573 2764 637 pru-

279 662 605 744 fitebatur3
645 664 710 727 et
757 660 1136 729 adamussim
1183 661 1510 725 observent
1570 658 1732 743 quod
1794 658 2162 741 praescribit
2222 656 2475 723 Rituale
2526 657 2760 723 Roma-

278 786 427 848 num
475 764 608 851 (De
647 764 1000 849 Exequiis),
1049 783 1302 848 nempe:
1351 763 1656 852 >Nullum
1702 780 1922 847 corpus
1966 761 2332 845 sepeliatur,
2398 765 2760 845 praesertin]

281 870 331 935 si
375 855 547 936 mors
591 864 917 953 repentina
961 868 1172 947 fuerit,
1219 868 1338 932 nisi
1370 871 1516 952 post.
1559 867 1837 948 debitum
1886 866 2182 949 temporis
2227 865 2647 945 intervallum,
2692 869 2764 929 ut

279 975 512 1048 nullus,
531 975 777 1048 omnino
823 974 898 1039 de
947 976 1145 1042 morte
1197 972 1588 1057 relinquatur
1632 971 1961 1038 dubitandi
2009 970 2196 1036 locus.
2206 996 2237 1031 «

339 1144 344 1149 .
383 1150 386 1157 Δ
475 1078 574 1154 Π.
667 1079 740 1145 In
779 1079 1085 1146 omnibus
1110 1078 1263 1143 locis
1329 1077 1598 1159 Nostrae
1641 1075 2133 1144 Archidioecesis
2192 1074 2257 1141 in
2302 1074 2525 1157 quibus
2571 1077 2760 1141 cada-

283 1202 458 1260 vera
455 1202 522 1249 a
535 1183 866 1262 Paroeciis
909 1182 1203 1249 associari
1243 1182 1464 1259 solent,
1513 1182 1817 1260 volumus,
1867 1181 1938 1245 ut
1984 1179 2148 1246 hoc
2124 1199 2227 1263 Jus
2258 1180 2495 1245 sartum
2527 1181 2760 1245 tectum

281 1290 607 1370 servetur,
659 1290 729 1353 et
771 1286 1029 1352 Parochi
1075 1288 1324 1370 tantum
1365 1286 1649 1369 exequias
1696 1285 1777 1358 in
1806 1284 2093 1349 omnibus
2137 1302 2245 1367 pro
2289 1302 2402 1350 sua
2448 1285 2760 1368 aequitate

282 1411 350 1456 ac
391 1391 725 1475 prudentia
780 1392 1192 1456 moderentur.
1242 1390 1470 1456 Verum
1504 1390 1583 1463 ad
1611 1388 2056 1475 praecavendos
2087 1407 2503 1475 quoscumque
2534 1388 2760 1454 abusus

281 1496 383 1579 qui
417 1489 706 1572 ,fortasse
739 1496 1003 1567 suboriri
1047 1496 1311 1579 possent,
1362 1494 1747 1580 mandamus,
1794 1496 1868 1557 ut
1902 1492 2108 1557 nullae
2140 1492 2427 1577 exequiae
2458 1491 2612 1558 fiant
2643 1493 2760 1557 nisi

280 1601 604 1683 Barochuss
643 1600 1022 1674 testifioatus
1065 1599 1252 1665 fuerit
1299 1598 1660 1666 defunctum
1728 1598 1788 1663 in
1840 1597 2265 1663 communione
2329 1595 2388 1661 S.
2454 1584 2764 1662 Romanas¹

281 1706 599 1786 Ecclesiae
644 1704 998 1775 decessisse.
1056 1703 1263 1785 -Quod
1309 1702 1653 1777 sifamilia
1697 1702 1974 1767 defuncti
2022 1701 2327 1785 postulet,
2392 1704 2463 1767 ut
2508 1720 2545 1766 a
2590 1701 2764 1767 Claro

281 1808 627 1891 Saeculari..
649 1808 753 1890 vel
799 1808 1097 1891 Regulari
1137 1808 1407 1874 cadaver
1451 1806 1812 1883 associetur,
1842 1804 2252 1890 praecipimus
2281 1805 2345 1871 et
2378 1805 2764 1882 mandamus,

282 1917 351 1992 ut
388 1914 497 1984 ¹illi
534 1914 788 1981 ‚tantum
836 1910 1196 1982 Sacerdotes
1241 1911 1600 1977 Saeculares
1636 1910 1903 1994 exequiis
1932 1909 2247 1988 intersint,
2274 1928 2424 1993 quos
2455 1909 2764 1975 Parochus

267 2017 358 2097 fad
395 2016 714 2086 familiam
756 2016 1194 2100 dis-ignaverit3
1260 2017 1412 2082 item
1475 2014 1571 2081 illi
1594 2053 1596 2056 -
1617 2016 1862 2080 tantum
1924 2014 2265 2094 Regulares
2328 2014 2764 2105 admittantur„

284 2140 436 2204 quos
461 2121 859 2204 Superiores
881 2120 1108 2203 proprii
1146 2117 1623 2186 destinaverint.
1714 2117 1889 2199 Quod
1929 2118 2005 2182 ad
2039 2117 2610 2198 confraternitates
2660 2121 2764 2185 ub-

285 2227 544 2308 servent
573 2244 664 2303 ea,
713 2244 868 2308 quae
912 2226 973 2290 in
1018 2225 1222 2308 capite
1266 2225 1344 2291 de
1391 2223 2032 2316 Confraternitatibus
2075 2223 2429 2289 statuimus,

382 2377 388 2397 ,
486 2330 657 2400 ΠΙ.
697 2329 1203 2412 Quandoquidem
1247 2348 1388 2394 vero
1435 2330 1599 2394 sacri
1642 2328 1821 2405 ritus,
1866 2346 1937 2391 ac
1984 2330 2419 2408 caeremoniae,
2468 2348 2620 2413 quas
2647 2333 2764 2393 Ec-

282 2405 528 2514 clesiae
549 2391 811 2516 adhibet
840 2434 918 2499 in
966 2433 1235 2517 exequiis
1281 2433 1550 2520 filiorum
1583 2451 1834 2498 suorum
1855 2431 2305 2515 persolvendis
2336 2432 2415 2497 ad
2443 2432 2764 2499 defuncto-

282 2558 416 2602 rum
461 2538 733 2603 salutem
775 2538 1082 2621 simulque
1120 2536 1203 2601 ssad
1243 2537 1519 2603 vivorum
1568 2537 1907 2620 pietatem,
1961 2555 2081 2601 non
2118 2536 2194 2601 ad
2234 2538 2562 2619 quaestum
2610 2537 2760 2621 (ΗΠ,

283 2642 454 2709 Rom.
501 2641 686 2721 ibid.)
736 2642 1062 2707 institutae
1108 2643 1286 2719 sunt}
1332 2641 1614 2707 omnibus
1677 2643 1742 2705 et
1802 2640 2093 2725 singuliS,
2155 2640 2231 2705 ad
2292 2660 2444 2724 quos
2502 2645 2760 2725 spectat,

281 2765 464 2829 quam
517 2745 1359 2825 maxime'lcommendamns,
1401 2747 1475 2810 ut
1519 2748 1793 2824 remota,
1859 2748 1925 2810 et
1976 2745 2269 2829 ablegata
2327 2745 2764 2829 cujuscumque

282 2851 526 2933 generis
571 2850 867 2931 novitate,
907 2850 1426 2935 praescriptiones
1471 2849 1746 2926 Ritualis
1792 2850 2095 2928 Romani,
2142 2852 2204 2915 et
2250 2851 2573 2916 canonicas
2619 2871 2760 2917 san-

282 2956 519 3036 ctiones
563 2954 953 3038 exactissime
999 2956 1340 3037 observent.
1431 2955 1817 3038 Quapropter
1862 2973 2087 3039 pravus
2133 2974 2282 3022 usus
2344 2956 2559 3023 utendi
2602 2957 2764 3022 stola

284 3077 467 3143 supra
512 3062 747 3143 vestem
793 3059 1016 3137 albam,
1063 3059 1248 3143 vulgo
1285 3078 1484 3139 saoce,
1532 3079 1722 3143 quum
1786 3058 1853 3128 in
1917 3058 2193 3125 Ecclesia
2256 3059 2541 3126 cadaveri
2586 3062 2764 3126 abso-

282 3162 436 3238 lut-ie
479 3162 858 3249 impertitur,
904 3165 1011 3246 >qui
1055 3163 1120 3230 in
1168 3164 1494 3246 Laicorum
1546 3163 2105 3231 Confraternitates
2163 3163 2452 3247 irrepsit,
2518 3169 2764 3234 omnino

286 3266 683 3344 eliminetur.-
721 3266 1004 3334 Director
1049 3268 1413 3351 spiritualiS,
1455 3268 1563 3351 qui
1608 3268 2165 3353 Congregationem
2206 3268 2269 3333 in
2317 3270 2589 3352 exequiis
2628 3291 2764 3354 per-

285 3372 592 3453 solvendis
626 3372 983 3455 comitatur,
1029 3391 1343 3455 nunquam
1372 3372 1619 3437 incedat
1660 3372 1781 3436 nisi
1812 3372 2070 3437 indutus
2102 3370 2320 3438 habitu
2352 3373 2521 3440 illius
2552 3393 2760 3441 sacrae

286 3475 617 3555 functionis
661 3477 922 3560 proprio,
1020 3476 1283 3556 Demum
1327 3476 1723 3555 SacerdoteS,
1770 3477 1876 3561 qui
1924 3477 2042 3541 sub
2089 3495 2266 3542 cruce
2310 3477 2581 3544 Parochi
2642 3481 2760 3545 cul-

289 3579 591 3663 ῑοφίαζίισν
635 3580 921 3664 exequias
965 3581 1223 3660 faciunt,
1271 3580 1366 3650 uti
1410 3580 1569 3663 pileo
1616 3584 1679 3647 et
1718 3582 1937 3663 pallio,
2000 3581 2161 3666 quod
2214 3583 2594 3666 ferrajolum
2656 3605 2756 3669 ap·

289 3684 541 3766 pellant,
573 3686 715 3760 sub.
743 3686 955 3770 poenis
1007 3685 1268 3768 arbitrio
1314 3685 1545 3752 Nostro
1590 3685 1967 3769 infligendis,
2015 3686 2320 3751 vetantur.

377 3831 384 3844 -
449 3856 452 3863 ,
488 3789 604 3864 IV,
661 3789 899 3871 Eadem
948 3790 1023 3854 de
1068 3809 1278 3868 causa,
1325 3789 1695 3873 quicumque
1740 3790 1819 3854 ad
1862 3790 2146 3873 exequias
2195 3790 2287 3878 ire
2320 3790 2584 3871 debent,
2625 3810 2756 3857 om-

292 3910 391 3958 nes
433 3913 503 3961 eo
548 3913 665 3977 quo
715 3893 893 3966 decet
933 3895 1147 3959 ordine
1192 3894 1321 3958 bini
1365 3894 1697 3975 incedant3
1741 3895 1817 3960 ab
1863 3894 2155 3962 inanibus
2203 3893 2526 3979 colloquiis
2571 3897 2760 3961 absti-

293 3998 816 4082 neant22„psalmos
859 3999 1093 4065 aliasve
1138 4018 1348 4083 preces
1391 4018 1464 4063 ex
1507 3998 1849 4090 christiana
1888 3998 2221 4065 traditione
2252 3999 2470 4065 devote
2501 4002 2764 4066 recitent

296 4099 521 4183 (Const.
565 4101 627 4186 S.
679 4103 776 4184 Pii
823 4103 897 4186 V.
945 4102 1530 4187 Quamprimumk
1578 4094 1792 4169 cereos
1825 4096 2065 4187 semper
2106 4122 2392 4186 accensos
2437 4104 2515 4169 ad
2561 4105 2760 4169 lucen]

283 4203 432 4276 ,fidei
486 4206 775 4274 defuncti
833 4206 1304 4292 significandam
1365 4208 1653 4281 manibus
1717 4210 1966 4293 gestent
2028 4210 2092 4274 et
2152 4209 2347 4274 talem
2407 4208 2756 4303 religiosam

297 4311 660 4387 moestitiam
704 4312 1069 4389 ostendant,
1120 4312 1188 4377 ut
1228 4312 1338 4397 qui
1379 4313 1746 4395 circumstat
1788 4312 2048 4396 populus
2091 4314 2171 4379 ad
2206 4312 2601 4379 defunctum
2656 4317 2760 4397 pia

299 4429 462 4492 prece
510 4414 908 4482 relevandum
953 4415 1270 4496 excitetur,
1313 4418 1376 4482 et
1420 4436 1459 4481 a
1501 4416 1701 4482 fluxae
1740 4417 1906 4483 vita'e
1964 4416 2271 4482 illecebris
2334 4421 2624 4483 avocatus
2684 4421 2756 4481 ad

303 4517 574 4587 aeternae.
609 4520 779 4592 vitae
817 4521 1258 4608 cogitationem
1296 4522 1600 4607 erigatur.
