3050 4859
17 3070 29 3147 *⁵⁷⁷*
17 1976 39 2992 ‘rm-vWW-vv2⁴-v—v—fl
17 1871 22 1897 ’-

33 4342 44 4365 t

22 4364 71 4714 k

45 4530 54 4557 l

394 135 400 145 ’
433 134 453 151 “’
539 113 764 220 ἸῙ-Ῑήι,
804 170 1069 236 gpiscop.
1112 167 1417 220 Austriac.
1456 166 1546 219 12.
1587 165 1744 236 Sept.
1781 166 1934 219 1883
1972 171 2055 219 riri
2099 183 2171 223 ss.
2219 167 2483 219 Putrem.
2698 151 2820 215 1533

320 338 669 403 auxiliante
715 338 959 423 Regina
1005 337 1311 403 coelorum
1361 338 1674 420 reportata
1737 356 1853 401 non
1925 337 2087 403 cises
2139 339 2407 403 lil'ienuae
2451 343 2696 403 tantum
2748 359 2820 407 ‚ae

320 445 627 526 Ans-triae
680 443 922 526 Imperii
969 443 1234 520 incolae,
1300 442 1407 505 sed
1468 443 1532 506 et
1592 441 1881 525 ingenere
1940 441 2279 507 Christiani
2339 443 2820 527 triumpharent,

318 550 545 630 utpote
588 566 738 632 quos
783 548 979 612 latere
1027 566 1140 611 non
1190 546 1428 629 potuit,
1491 548 1643 630 quot
1681 545 1743 610 et
1788 547 2019 630 quanta
2063 547 2223 611 mala
2267 567 2335 611 ex
2383 547 2640 631 imperia
2688 547 2820 611 Mu·

317 652 814 717 hamedauorum
862 650 1096 716 Christi
1145 650 1375 715 nomini
1420 649 1677 714 delendo
1722 650 2099 716 intentorum
2163 651 2395 735 majera
2439 671 2676 735 semper
2724 655 2820 715 iu-

315 761 643 821 crementa
688 756 943 840 capture
991 755 1054 819 in
1098 754 1421 820 ecclesiam
1470 753 1894 819 Christianam
1938 755 2371 819 redundarent.

538 860 603 925 Si
661 861 797 944 quis
848 861 1057 924 autem
1119 858 1461 925 certissime
1515 859 1909 924 Innocentius
1956 859 2107 939 XL,
2179 861 2251 923 ad
2315 859 2640 927 ecelesiam
2704 859 2816 927 Dei

315 964 665 1057 regendam
711 965 997 1042 vocatuS,
1043 963 1302 1027 eximius
1342 964 1468 1039 vir,
1531 962 1932 1046 iniquitatem
1977 963 2339 1027 abemiuans
2387 967 2451 1027 et
2491 967 2816 1047 justitium

314 1070 612 1153 diligenS,
663 1069 813 1133 haec
858 1088 930 1132 ex
976 1070 1151 1150 parte
1202 1067 1540 1131 'Parcarum
1578 1066 2039 1132 Christianitati
2091 1067 2495 1147 imminentia,
2544 1071 2816 1151 perieula

313 1174 710 1239 incessanter
754 1179 896 1237 ante
944 1173 1149 1237 oculos
1186 1172 1488 1236 habuerat
1518 1191 1591 1235 ac
1629 1171 2107 1255 prudentissime
2135 1175 2343 1239 emnia
2379 1175 2624 1255 fenerat,
2660 1191 2816 1255 quae

316 1278 401 1343 a‘d
453 1278 624 1342 mala
667 1277 1001 1364 avertenda
1045 1276 1178 1342 fieri
1208 1277 1514 1360 poterant.
1567 1275 1884 1359 Principes
1911 1278 2131 1342 etenim
2167 1279 2548 1343 Christianos
2572 1279 2816 1363 saepius

314 1383 398 1446 ad
452 1382 837 1449 concordiam
887 1381 1159 1465 suaviter
1221 1400 1293 1445 ac
1358 1380 1604 1445 fortiter
1649 1380 2007 1446 cohortatus
2071 1383 2263 1463 utque
2323 1383 2560 1447 uiribus
2620 1383 2812 1447 unitis

315 1487 639 1552 communi
688 1486 849 1551 hosti
895 1486 1135 1550 obviam
1185 1484 1421 1563 fierent,
1471 1483 1947 1569 diligentissime
1995 1487 2199 1551 enisus
2231 1491 2379 1548 erat.
2443 1487 2808 1551 Pelenuruni

312 1611 537 1675 regem
596 1590 876 1656 Sobieski
928 1591 1230 1656 Joannem
1270 1589 1388 1655 III.
1438 1593 1500 1654 et
1540 1588 1904 1672 praeprimis
1949 1587 2483 1671 Angustissimum
2536 1591 2804 1675 Impera-

312 1696 524 1760 torem
573 1694 974 1778 Leopoldum,
1045 1713 1225 1777 quem
1296 1693 1562 1759 maxime
1628 1693 1935 1777 diligebat
1991 1695 2055 1759 et
2115 1695 2387 1759 euusiliis
2435 1699 2499 1759 et
2544 1699 2812 1777 pssumis

315 1800 656 1883 adjuverat
698 1802 995 1883 tantaque
1042 1798 1261 1863 salutis
1310 1798 1600 1862 Austriae
1649 1797 1766 1880 ipsi
1813 1816 1962 1863 cura
2007 1799 2147 1875 fuit,
2199 1799 2267 1863 ut
2315 1799 2568 1863 Humani
2620 1799 2812 1867 siete-

314 1904 484 1969 riam
530 1905 907 1987 reportatam
956 1902 1272 1981 Pontificis
1336 1902 1543 1967 deberi
1611 1902 1894 1985 precibus
1959 1922 2031 1967 ae
2099 1903 2387 1987 lael-*ymis
2459 1905 2612 1967 fusis
2676 1903 2812 1987 jure

316 2008 761 2092 gloriarentur.
852 2007 1023 2071 Inter
1068 2026 1169 2071 eos
1217 2025 1381 2090 ergo,
1432 2026 1689 2090 quorum
1737 2006 1983 2071 nomina
2031 2011 2163 2071 tum
2211 2007 2508 2091 temperis
2540 2007 2616 2071 ad
2652 2007 2808 2071 side-

315 2133 462 2178 rum
494 2112 691 2178 instar
722 2112 1066 2197 fulgebant,
1100 2131 1169 2175 ac
1209 2111 1272 2200 in
1304 2113 1666 2193 perpetuum
1703 2109 2047 2195 fulgebunt,
2087 2111 2255 2195 Papa
2279 2115 2672 2179 Inueeeutius
2700 2115 2808 2179 EI.

319 2218 566 2301 primus
612 2216 916 2281 nominari
964 2226 1254 2281 meretur.

533 2320 917 2404 Quapropter
964 2340 1071 2387 nos
1117 2318 1472 2402 ,humillime
1533 2318 1915 2401 infrascripti
1978 2319 2371 2396 Cardiualee,
2431 2319 2692 2403 episeepi
2752 2323 2812 2387 et

317 2426 587 2510 praelati
636 2425 950 2490 Austriaci
997 2424 1391 2489 Vindobonae
1448 2424 1844 2509 congregati,
1909 2427 1978 2487 ut
2027 2423 2407 2491 liberatiunie
2459 2427 2812 2507 metr-epulis

317 2550 393 2595 ex
443 2530 748 2613 angustiis
795 2529 1130 2594 Turcarum
1181 2528 1345 2592 diem
1392 2527 1874 2593 anniversarium
1933 2527 2427 2591 bissentesimum
2479 2531 2808 2595 suleuuiter

317 2653 713 2718 peragamuS,
762 2634 1010 2698 laudem
1056 2636 1119 2698 et
1163 2633 1454 2699 honorem
1503 2637 1569 2697 et
1623 2632 1886 2715 gloriam
1933 2631 2047 2695 Dei
2099 2633 2335 2715 Optimi
2383 2635 2660 2711 Maximi,
2704 2635 2804 2715 qui

317 2740 591 2823 palmam
641 2738 933 2804 victoriae
975 2737 1167 2817 dedit,
1208 2737 1551 2821 jubilantes
1595 2736 2103 2803 annuntiabimus
2151 2739 2211 2803 et
2251 2739 2323 2803 de
2363 2739 2684 2823 prufuudis
2712 2739 2808 2803 iu÷

314 2844 560 2909 finitam
612 2844 744 2926 ejus
790 2844 1129 2908 bonitatem
1178 2844 1243 2906 et
1287 2860 1581 2926 magnam
1629 2841 2111 2907 misericordiam
2147 2843 2556 2919 summimus,
2604 2843 2708 2907 sed
2748 2851 2808 2907 et

313 2948 656 3013 multorum
698 2948 1038 3031 insignium
1083 2947 1390 3025 virorum,
1447 2946 1552 3029 qui
1599 2946 1673 3010 de
1720 2945 2067 3011 defensioue
2119 2967 2187 3011 ae
2235 2947 2592 3011 liberatiuue
2644 2947 2804 3011 urbis

314 3052 655 3135 imperialis
700 3052 929 3134 optime
974 3050 1179 3115 meriti
1227 3051 1390 3130 sunt,
1440 3050 1639 3134 gratis
1687 3050 1909 3113 animis
1955 3051 2195 3132 piisque
2247 3051 2524 3131 preuihus
2556 3051 2632 3115 ad
2668 3071 2804 3115 arus

318 3156 777 3221 recordabimur
845 3157 907 3221 et
965 3156 1144 3219 inter
1201 3143 1352 3219 villos
1422 3155 1586 3224 certe
1642 3153 2007 3237 praeprimis
2051 3155 2435 3235 praelaudati
2485 3155 2804 3219 Puutifieis

322 3260 599 3337 Maximi,
646 3260 820 3343 cujus
866 3259 1163 3325 memoria
1211 3259 1272 3323 in
1317 3258 1749 3350 benedictione
1799 3260 1896 3322 est
1939 3259 2003 3320 et
2047 3259 2103 3319 iu
2155 3259 2576 3323 benedietiune
2620 3259 2756 3323 erit*

526 3364 663 3428 Hac
710 3365 916 3428 autem
962 3364 1128 3428 felici
1174 3362 1490 3429 occasione
1536 3380 1659 3426 non
1702 3363 1832 3425 tam
1869 3363 2040 3427 suari
2067 3363 2267 3427 effluis
2299 3383 2483 3447 quam
2520 3363 2800 3427 serdibus

317 3468 545 3534 nostris
591 3469 667 3533 ad
713 3487 760 3537 s,
810 3467 1029 3533 Sedem
1076 3467 1495 3551 Apostolicam
1543 3466 1885 3544 trahimur,
1941 3470 2011 3531 ut
2075 3467 2307 3551 eptimu
2371 3467 2544 3531 Patri
2590 3467 2800 3531 filialis

313 3573 568 3656 pietatis
614 3575 753 3638 vota
798 3572 1181 3638 inviolabilia
1227 3590 1666 3653 nuncupemus.
1778 3571 2223 3655 Perpeudeutes
2287 3575 2552 3649 etenim,
2616 3595 2796 3655 quam

314 3677 567 3743 difficile
613 3696 684 3741 ac
726 3697 913 3762 grave
958 3677 1235 3760 regimen
1295 3676 1379 3741 sit
1440 3676 1730 3741 ecclesiae
1799 3676 2119 3741 universae
2183 3679 2387 3743 nestre
2435 3679 2796 3759 praesertim

316 3800 485 3859 aevo,
532 3818 619 3828 —-
662 3783 943 3858 scientes,
990 3782 1140 3864 quot
1186 3781 1248 3844 et
1295 3782 1564 3864 quantae
1610 3781 1938 3865 angustiae
1972 3783 2187 3847 Sedem
2223 3779 2280 3847 S.
2319 3783 2491 3847 Petri
2540 3783 2800 3847 eirnmn-

313 3886 565 3950 veniant
609 3886 952 3968 quibusque
998 3886 1061 3949 et
1122 3904 1302 3968 quam
1356 3884 1593 3949 acerbis
1638 3886 1801 3949 curis
1846 3904 1918 3949 ac
1963 3887 2275 3951 deleribus
2323 3891 2648 3971 paternum
2700 3907 2800 3951 eur

313 3988 679 4055 Sanctitatis
727 3989 987 4054 Vestrae
1046 3990 1445 4073 torqueatur,
1509 4008 1828 4071 speramus
1872 3988 2003 4055 fore
2051 3991 2123 4055 ut
2167 3991 2604 4055 nunsulatiuuis
2652 3991 2796 4071 quid.

312 4113 386 4159 ac
429 4092 1114 4159 laetitiae-Sanctitatis
1180 4084 1403 4159 Vestra
1448 4112 1518 4158 ex
1578 4093 1988 4158 affirmatione
2051 4095 2111 4159 et
2159 4095 2479 4179 speusiene
2528 4095 2796 4167 hauriat,

313 4199 555 4263 nosmet
600 4198 661 4261 in
701 4198 943 4263 unitate
988 4197 1151 4277 fidei,
1202 4196 1330 4281 spei
1386 4198 1450 4261 et
1496 4198 1780 4262 caritatis
1824 4216 1967 4264 cum
2011 4199 2255 4263 Uinaria
2291 4199 2524 4263 Christi
2568 4199 2632 4259 iu
2672 4203 2796 4263 ter-

309 4303 396 4367 ris
443 4302 793 4368 firmissime
838 4302 1191 4386 conjunctos
1224 4301 1467 4367 divinae
1496 4302 1732 4385 gloriae
1763 4302 2235 4385 amplifieaudae
2267 4303 2407 4367 fidei
2451 4303 2792 4367 eathulieue

310 4406 631 4491 augendae
696 4406 1163 4489 animarumque
1221 4405 1498 4471 fidelium
1562 4406 1751 4470 saluti
1809 4407 2255 4489 promerendae
2319 4407 2796 4491 diligentissime

309 4530 443 4578 esse
487 4512 850 4576 intenturoS.
926 4509 1314 4577 Confidentes
1348 4511 1530 4576 verbo
1563 4510 1828 4576 Christi:
1879 4510 1978 4577 »Si
2011 4511 2159 4595 quid
2187 4511 2495 4595 petieritis
2544 4515 2792 4579 Patrem
