3050 4859
150 234 254 289 Currat.
267 234 297 286 V.
315 234 437 301 [lesora
450 240 478 288 et
489 236 525 289 de
536 235 605 289 bon.
617 236 841 289 ecciesiasticis,
863 234 934 302 Cup.
945 236 970 288 1.
986 235 1029 289 De
1038 236 1110 300 soro
1122 238 1289 291 ecclesiast.
1334 220 1394 287 117

147 407 180 471 id
204 406 312 472 testari
336 405 423 483 libet,
448 404 594 470 Nostram
611 405 735 471 Curiam
751 404 1050 489 archiepiscopalem
1067 406 1303 489 sapientissimis
1320 428 1393 475 cou-

146 510 367 575 stitutinnibus
390 528 443 591 per
465 508 594 573 Nostros
613 509 864 583 Praedecessores
887 509 1105 574 communitam
1130 508 1243 585 fuissem
1267 511 1394 595 ejusque

147 614 305 681 Officiales
336 616 425 678 tanta
457 612 653 677 accuratione
683 615 754 677 acta
784 632 820 677 ac
851 632 1010 696 processus
1030 611 1194 697 judiciales
1218 615 1393 695 confecisse,

147 721 184 783 ut
207 738 266 783 non
289 716 400 795 semel,
429 718 482 781 sed
507 716 622 799 pluries
646 736 664 781 a
688 716 834 781 Romanis
859 716 1155 801 Congregationibus
1177 718 1300 784 laudem
1323 740 1394 803 pro·

147 822 306 889 meruerit.
354 820 562 885 Nihilominus
584 822 621 885 ut
651 821 796 904 splendor
827 818 924 885 nostri
957 820 1024 886 Pori
1056 821 1156 906 magis
1187 822 1393 908 praefulgeat,

145 927 331 992 Nostrorum
353 924 627 989 Praedecessorum
651 924 784 1009 vestigia
808 924 940 1007 pressius
965 926 1147 1007 prementes
1173 926 1366 994 statuimnsc

252 1030 276 1094 1.
311 1028 564 1111 Quandoquidem
587 1028 705 1093 varium
729 1028 760 1093 et
783 1026 946 1119 multiplex
968 1028 1164 1111 negotiorum
1184 1048 1290 1113 genus,
1314 1050 1392 1115 quae

145 1135 177 1198 in
203 1135 317 1198 Nostra
340 1132 433 1199 Curia
455 1132 590 1215 expediri
612 1133 722 1209 solent,
749 1132 915 1196 multorum
939 1129 1127 1197 Officialium
1154 1152 1278 1216 operam
1300 1154 1391 1218 expo-

144 1240 263 1313 stulat,
291 1237 395 1320 plures
420 1256 456 1299 ac
488 1236 586 1301 uarios
619 1237 649 1300 in
680 1236 797 1312 Nostra
821 1234 913 1301 Curia
938 1235 1094 1301 Officiales
1118 1238 1391 1303 Praedecessorum

145 1344 329 1407 Nostrorum
354 1340 505 1423 sapientia
529 1340 700 1406 constituit.
747 1340 904 1405 Officiales
924 1340 1056 1405 Nostrae
1080 1340 1190 1407 Curiae
1214 1342 1391 1425 Superiores

145 1448 235 1511 sunt:
262 1446 403 1509 Vicarius
424 1443 594 1517 Generalis,
616 1442 824 1510 Patronus'et
848 1444 1009 1509 Pronrotor
1030 1444 1175 1524 Piscales,
1200 1446 1391 1513 Secretarius

144 1550 279 1614 Sanctae
305 1548 516 1635 visitationis,
548 1549 701 1613 Patronus
730 1567 920 1631 pauperum,
951 1548 1079 1613 ludices
1113 1548 1389 1629 Matrimoniorum,

145 1654 301 1718 Patronus
323 1655 355 1717 et
378 1653 539 1717 Promotus·
564 1640 644 1718 Pis'ci
668 1650 802 1716 Sanctae
825 1652 1039 1731 Visitationis,
1069 1654 1254 1718 Procurator
1276 1674 1391 1739 paupe-

143 1778 225 1823 rum.
272 1756 429 1821 Officiales
452 1755 612 1821 inferiores
635 1759 725 1819 sunt:
749 1756 902 1841 Magister
925 1756 1081 1833 actorum,
1105 1776 1158 1822 seu
1181 1756 1391 1823 Cancellarins

144 1860 276 1941 Curiae,
310 1860 509 1924 Arclrivarius
532 1858 659 1937 Curiae,
691 1859 841 1925 Notarius
869 1879 922 1943 pro
947 1860 1153 1939 NonialibuS,
1185 1862 1307 1927 Notarii
1336 1883 1390 1945 pro

143 1965 255 2031 Gausis
277 1963 440 2029 Servorum
464 1964 538 2041 Dei,
561 1963 682 2029 Notarii
705 1964 852 2035 ordinarii
877 1963 925 2029 vel
945 1964 1097 2043 actuarii,
1122 1964 1311 2054 Secretarius
1333 1968 1388 2031 Vi·

143 2069 221 2135 carii
237 2064 417 2145 Generalis,
435 2067 587 2133 Officialis
603 2067 727 2151 adjutor
742 2067 908 2133 Secretarii
925 2068 1016 2148 Cleri,
1034 2068 1243 2135 Cancellarius
1258 2068 1389 2135 Sanctae

145 2172 357 2249 Visitationis,
381 2172 536 2255 adjutores
556 2173 622 2236 tarn
649 2172 775 2236 Archivi
800 2172 971 2255 generalis,
997 2193 1089 2256 quam
1114 2174 1246 2239 Sanctae
1272 2175 1389 2239 Visita-

144 2278 251 2355 tionis,
276 2277 432 2359 adjutores
454 2276 599 2359 Magistri
623 2277 773 2354 actorum,
797 2275 961 2352 Secretarii
981 2276 1101 2343 Vicarii
1124 2276 1295 2356 Generalis,
1324 2278 1387 2344 No·

145 2381 296 2447 tariorum
321 2383 353 2445 et
375 2380 507 2445 Sanctae
531 2380 734 2457 Visitationis,
760 2380 890 2463 denique
914 2380 1079 2467 cessores„

248 2484 290 2551 Π.
319 2485 420 2568 Quum
446 2503 515 2549 vero
536 2484 575 2548 ad
598 2484 790 2567 perfectioris
812 2485 974 2569 regiminis
995 2486 1145 2551 rationem
1167 2486 1331 2569 pertineat,
1353 2488 1388 2551 ut

89 2594 94 2599 '
143 2588 237 2654 multi
258 2589 444 2653 reducantur
466 2588 505 2653 ad
529 2608 635 2667 unum,
660 2588 801 2653 volumus
817 2590 848 2654 et
864 2589 1080 2672 praecipimus,
1104 2592 1140 2655 ut
1155 2609 1259 2677 omnes
1276 2590 1386 2655 Curiae

141 2694 277 2758 Nostrae
304 2692 460 2757 Officiales
490 2712 584 2774 quum
616 2693 787 2774 superiores
815 2695 881 2757 turn
906 2691 1065 2760 inferiores
1088 2715 1106 2758 a
1127 2694 1241 2760 Nostro
1264 2695 1387 2760 Vicario

140 2795 287 2863 Generali
308 2797 341 2860 in
364 2796 505 2861 omnibus
529 2795 732 2879 dependeant.

247 2899 305 2965 ΙΙΙ.
340 2901 383 2965 At
404 2911 509 2965 omnes
532 2898 677 2965 recensiti
701 2899 859 2966 Officiales
880 2900 969 2979 nulli,
993 2902 1047 2965 aut
1071 2921 1183 2985 parrae
1203 2905 1307 2967 essent
1322 2902 1386 2968 uti-

139 3005 226 3069 litati
242 3004 376 3069 Nostrae
390 3003 511 3081 Ouriae,
535 3004 562 3068 si
585 3003 687 3069 minus
709 3006 815 3071 exacte
838 3004 939 3069 officio
956 3023 1010 3069 suo
1026 3004 1277 3089 defungerentur.
1302 3005 1384 3087 Qua-

138 3110 266 3192 propter
289 3109 360 3172 illos
383 3108 590 3188 cohortamur,
615 3110 667 3188 ut,
690 3128 744 3191 pro
768 3128 822 3175 suo
846 3108 975 3193 quisque
999 3128 1140 3186 munere,
1170 3129 1291 3174 omnem
1314 3110 1386 3173 dili-

139 3212 297 3297 gentiam,
331 3214 423 3295 atque
456 3212 652 3277 alacritatem
686 3212 871 3292 adhibeant,
905 3212 1089 3279 charitatem
1119 3232 1247 3297 praese
1275 3214 1386 3291 ierant,

135 3315 321 3400 praesertim
346 3316 463 3380 sicum
487 3316 674 3399 pauperibus
697 3318 804 3400 agant.

243 3420 298 3483 IV.
336 3420 457 3484 Vicario
487 3422 591 3484 autem
622 3420 736 3489 Nostro
765 3419 909 3485 Generali
939 3420 1032 3487 etiam
1062 3426 1155 3507 atque
1178 3422 1272 3487 etiam
1296 3441 1382 3486 com-

137 3524 340 3601 mendamus,
370 3525 406 3588 ut
433 3542 487 3606 pro
510 3523 595 3589 virili
616 3524 762 3609 invigilet
785 3524 926 3589 omnibus
950 3527 1169 3609 suprascriptis
1190 3525 1384 3591 Officialibns

136 3628 203 3693 sive
226 3628 337 3693 (iuriae
358 3630 479 3711 proprie
502 3627 623 3706 dictae,
645 3628 710 3693 sive
732 3627 865 3693 Sanctae
889 3629 1101 3708 Visitationis,
1125 3630 1189 3697 sine
1213 3628 1383 3695 Causarum

137 3733 303 3797 Servomm
327 3731 394 3811 Dei,
417 3733 448 3795 et
468 3732 560 3796 statis
584 3731 691 3796 dietus
713 3731 751 3796 ad
774 3732 838 3797 Nos
861 3734 983 3812 referat,
1008 3753 1046 3798 an
1066 3735 1191 3819 singuli,
1215 3753 1293 3819 quae
1309 3754 1383 3799 suae

136 3837 203 3901 sint
231 3838 353 3919 partes,
383 3838 466 3901 recte
497 3835 705 3918 adimpleant,
739 3856 796 3902 nec
827 3857 887 3902 non
912 3839 1038 3922 negotia
1061 3839 1212 3923 gravioris
1234 3839 1382 3905 momenti

138 3941 281 4024 exponat,
306 3942 341 4004 ut
363 3940 465 4004 status
488 3940 640 4023 generalis
663 3941 798 4007 Nostrae
822 3940 933 4006 Curiae
955 3942 1052 4007 Nobis
1075 3943 1256 4011 innotescat.

245 4043 279 4107 V.
312 4042 481 4123 Omnibus,
504 4043 686 4126 praesertim
711 4046 914 4128 pauperibuS,
948 4045 1079 4111 liberum
1102 4046 1257 4137 relinquat
1280 4065 1381 4111 acces·

138 4168 226 4225 sum,
256 4146 370 4213 eisdem
400 4147 495 4213 libero
525 4148 675 4213 concedat
697 4148 850 4232 propriam
876 4168 999 4215 causam
1018 4151 1105 4233 apud
1130 4170 1161 4216 se
1185 4151 1381 4234 patrocinari,

138 4271 251 4337 eosque
272 4251 329 4316 tali
343 4244 564 4316 ⁴benevolentia
587 4252 827 4336 complectatur,
855 4255 890 4318 ut
911 4254 1013 4338 potius
1036 4255 1075 4319 ad
1099 4257 1236 4339 patrem,
1261 4254 1382 4338 quires

138 4356 305 4440 componit,
326 4375 425 4439 quam=
442 4354 480 4422 ad
501 4355 648 4438 jndicem,
669 4357 722 4442 qui
744 4357 817 4422 lites
834 4358 865 4424 et
881 4358 1103 4425 controversias
1126 4360 1255 4435 dirimit,
1277 4379 1309 4425 se
1330 4379 1382 4425 an·

138 4460 270 4527 cessisse
292 4459 439 4527 sentiant.

245 4563 300 4631 VI.
331 4564 369 4628 In
391 4562 532 4630 omnibus
556 4564 689 4649 negotiis
712 4564 965 4645 administrandis
987 4564 1186 4644 meminerit,
1200 4568 1316 4649 quanta
1339 4565 1382 4630 sit

1293 4720 1296 4725 ’
1396 4730 1415 4824 1
