3050 4859
290 196 387 251 dard.
410 195 547 264 Archtep.
570 194 668 249 Coloe.
688 195 857 263 insinere
876 157 1229 251 recolerent-neaman.
1317 178 1380 243 277

129 368 275 453 ‘exegerit
297 368 497 454 indagandis
521 368 575 432 ubi
599 368 753 433 Primores
777 368 849 434 boel
868 367 1067 444 audivisset,
1084 367 1247 452 siquidem.
1260 388 1381 433 exerra-

139 471 239 537 tinnes
261 474 315 536 ant
339 473 498 556 neglectus
517 472 676 555 duospiarn
700 472 882 550 detexisset,
908 467 1080 536 Paroebum
1104 474 1159 536 aut
1179 472 1380 555 capellanum

137 576 285 658 privatim
308 577 340 640 in
363 576 500 643 fraterna
522 576 678 640 charitate
699 577 784 640 omni
803 595 874 640 cum
897 576 1082 640 discretione
1103 575 1302 653 admonebit,
1330 595 1379 641 ro·

140 680 283 761 sipiseere
306 680 460 745 nolentem
488 699 574 759 vern,
609 698 646 744 nc
678 680 798 745 alienae
832 680 940 763 culpae
974 698 1007 743 se
1039 676 1150 744 reddat
1185 678 1380 763 participem,

139 783 268 848 subinde
290 783 400 849 Officio
423 784 610 849 Dioeeesanc
639 783 853 867 corrigendum
886 783 1095 848 denunciabit.
1142 784 1270 848 Mutnaa
1292 802 1381 866 prae·

126 888 308 966 tensiones,
342 888 537 967 simultates,
567 888 652 965 odia,
687 888 768 952 inter
802 888 977 952 Parochum
1000 890 1032 953 et
1054 887 1258 970 parochianos
1280 888 1381 953 nclors

139 992 276 1075 vigentia
300 1012 367 1057 reor
391 992 421 1057 in
445 992 620 1075 praesentia
648 992 759 1057 horum
788 990 976 1056 charitative
1003 991 1092 1057 modd
1123 1010 1322 1074 componere,
1349 993 1381 1056 et

138 1094 246 1160 sedare
266 1097 398 1180 sataget,
424 1115 479 1160 nec
501 1096 559 1159 nisi
583 1096 636 1159 ubi
659 1096 757 1161 omnis
780 1114 837 1159 sua
859 1096 899 1159 ad
917 1096 1036 1160 animos
1051 1095 1258 1161 consiliandos
1272 1114 1381 1179 coope-

137 1199 218 1264 ratio
239 1200 272 1263 in
294 1199 416 1263 irritum
441 1192 575 1278 cesserit,
600 1201 761 1265 errantem¹
773 1200 916 1264 Fratrem
938 1200 987 1266 nel
1009 1200 1217 1265 Parochiancs
1241 1200 1381 1278 immori·

138 1322 227 1387 garos
249 1302 359 1369 Officio
380 1304 567 1369 Diooeesano
590 1303 785 1387 corrigendos
808 1303 935 1369 deleret.
1358 1307 1362 1314 ’

242 1406 269 1490 ᾗ.
296 1408 346 1473 18.
381 1407 467 1488 Quod
497 1426 584 1490 porro
616 1407 737 1472 adtinet
765 1407 803 1471 ad
831 1407 1014 1490 Capelianus
1042 1407 1184 1473 Parocho
1206 1406 1379 1491 adjunctos,

137 1511 171 1575 hi
194 1511 221 1575 si
243 1512 346 1595 plures
368 1512 448 1590 sint,
471 1512 650 1595 indagabit:
683 1511 835 1593 quomodo
857 1512 897 1576 ad
919 1511 1067 1587 invicem,
1091 1513 1123 1576 et
1147 1531 1217 1577 cum
1241 1512 1380 1577 Paroeho

138 1616 344 1681 conveniant?
379 1636 451 1680 num
486 1615 739 1681 correlationibus
773 1615 891 1680 mutuis
917 1616 1108 1681 scinderet
1131 1616 1306 1681 Parecbum
1326 1634 1381 1698 per

137 1720 202 1785 Nos
224 1720 372 1784 stabilitis
385 1722 493 1785 ,semet
515 1720 715 1797 conforment,
738 1738 774 1784 ac
797 1718 933 1784 vicissim
957 1739 1030 1783 num
1050 1720 1208 1785 Perochns
1223 1720 1287 1785 illis
1302 1739 1380 1803 qnae
1459 1751 1463 1760 ·

122 1824 174 1900 ¹de
194 1824 263 1905 jure
290 1826 447 1907 praestare
479 1823 581 1888 debet
600 1825 745 1889 accurate
769 1827 870 1905 reipsa
892 1824 1038 1907 praestet.
1082 1822 1248 1889 Graviores
1270 1822 1379 1887 horum

136 1946 277 1991 excessus
290 1928 548 1993 monitionibusin
558 1946 680 1993 cassum
693 1927 878 1993 abeuntibus
886 1926 997 1993 Officio
1005 1927 1194 1992 Dioecesano
1206 1926 1379 1993 denunciet.

242 2032 278 2115 §.v
295 2032 345 2097 19.
374 2031 521 2114 Ejusdem
537 2032 695 2115 praeterea
714 2031 912 2122 visitationis
928 2032 1086 2097 occasione
1100 2030 1281 2115 indagabit:
1305 2050 1379 2097 num

138 2134 274 2200 (iuratus
291 2135 363 2219 jura
386 2135 575 2218 parochialia
595 2137 775 2201 sustentet?
804 2154 843 2201 an
867 2154 928 2200 non
951 2135 1196 2200 abalienationes
1217 2134 1378 2218 quaspiam

138 2241 171 2303 et
192 2238 545 2328 innovationesprirat'a
568 2241 769 2318 auctoritate,
793 2242 826 2304 et
847 2240 929 2304 citra
950 2239 1137 2323 praescitum
1160 2237 1264 2305 Officii
1285 2239 1380 2304 Dion·

138 2344 240 2407 casani
260 2343 528 2427 praesusceperiti’
569 2342 602 2408 Si
627 2344 702 2427 quid
725 2344 789 2408 tale
812 2344 1013 2427 compererit,
1036 2343 1213 2409 abalienata
1235 2342 1320 2408 illico
1339 2342 1379 2407 ad

138 2448 356 2530 proprietatem
378 2450 411 2512 et
428 2448 479 2531 jus
501 2447 677 2531 parochiale
701 2447 805 2511 reduci
828 2447 1014 2530 procurabit,
1042 2466 1140 2530 neque
1163 2446 1319 2525 admittet,
1343 2448 1381 2510 uh

136 2552 168 2614 in
187 2551 349 2616 obversum
364 2552 553 2616 statutorum
566 2550 817 2617 dioecesanorum
833 2553 866 2616 ct
885 2550 1143 2616 uisitationalium
1166 2550 1377 2617 innovationes

136 2655 168 2717 in
193 2654 240 2718 his
261 2654 488 2739 suscipiantur:
511 2653 588 2720 tales
611 2674 665 2739 pro
687 2655 833 2733 remedio,
859 2673 928 2719 cam
949 2655 1093 2720 universa
1114 2671 1217 2720 eorum
1239 2673 1319 2746 quae
1338 2654 1377 2718 ad

137 2760 192 2822 bas
214 2758 451 2842 praevertendas
473 2758 572 2837 nelors
596 2759 798 2842 disposuisset
820 2758 917 2837 serie,
946 2758 1130 2842 tempestive
1151 2757 1260 2844 Officio
1286 2758 1377 2823 Dice·

136 2881 245 2928 cesano
267 2864 431 2941 relaturus,
456 2862 594 2929 conscius
617 2863 754 2946 alioquin
777 2864 872 2941 illius,
895 2862 977 2946 quod
995 2882 1101 2928 omnes
1116 2864 1282 2940 tractatus,
1304 2881 1375 2928 con·

136 2968 293 3032 vectiones
314 2968 346 3032 et
368 2968 561 3047 contractus,
585 2968 638 3051 qui
660 2968 742 3033 circa
761 2968 834 3051 jura
856 2967 1069 3045 Paroehialia,
1099 2986 1169 3032 cum
1190 2966 1377 3049 praejudicio

136 3071 231 3135 etiarn
254 3090 478 3151 successorum,
513 3074 592 3137 citra
620 3091 802 3137 consensum
824 3074 855 3137 et
880 3072 1135 3137 ratihabitionem
1159 3070 1377 3136 Ordinariatus

135 3176 320 3254 coalmcunt,
344 3195 397 3240 suo
420 3182 547 3241 careant
570 3176 686 3241 robore.

86 3356 88 3366 y
239 3280 267 3364 g.
292 3281 343 3347 20.
367 3280 574 3365 Investigabit
590 3299 695 3363 porro:
720 3300 794 3343 num
809 3278 1035 3346 coemeterium
1053 3279 1094 3343 sit
1111 3278 1215 3343 debite
1229 3278 1374 3359 cinctum,

135 3386 167 3449 et
186 3402 275 3448 cruce
298 3384 480 3467 provisum?
515 3403 588 3448 num
619 3383 689 3449 noui
719 3382 916 3449 exscindendi
946 3384 1049 3447 vetere
1071 3382 1136 3465 jam
1159 3382 1240 3447 forte
1259 3382 1375 3464 repleto

134 3488 216 3553 adsit
250 3488 442 3553 necessitas?
475 3488 612 3571 alioquin
643 3488 703 3552 hae
736 3488 913 3570 comperta,
946 3489 984 3552 ut
1017 3486 1231 3552 Commnnitas
1264 3504 1375 3552 noram

134 3594 259 3676 plagam
283 3592 315 3655 in
337 3593 404 3657 loco
425 3592 544 3670 idoneo,
567 3610 665 3677 neque
689 3612 707 3657 a
727 3590 958 3657 Communitate
977 3591 1109 3656 nimium
1126 3591 1242 3655 remoto
1258 3590 1376 3655 exscin-

135 3698 200 3777 dat,
226 3716 361 3781 congrua
384 3697 465 3781 aget.
1194 3769 1196 3774 ,

238 3801 265 3884 ἕ.
289 3802 339 3868 21.
375 3802 420 3865 lla
442 3799 560 3877 omnia,
593 3816 672 3881 quae
695 3798 853 3863 occasione
877 3798 1065 3863 visitationis
1086 3795 1284 3880 compererit,
1308 3797 1374 3881 egit

134 3924 170 3970 ao
193 3904 356 3987 disposuit,
380 3905 410 3968 ln
434 3904 583 3988 scriptum
607 3904 662 3967 aut
684 3903 816 3985 ipsemet
838 3902 966 3981 referet,
988 3902 1044 3967 aut
1063 3922 1117 3985 per
1139 3900 1374 3965 Districtnalem

76 4052 80 4057 ,
134 4010 297 4073 Notarium
321 4009 448 4073 chartae
471 4007 612 4072 mandari
635 4007 828 4089 procurabit,
860 4008 955 4089 atque
984 4005 1179 4071 Relationem
1204 4004 1300 4070 talem
1323 4022 1374 4067 co-

135 4112 317 4177 lumnariter
340 4112 375 4198 (i.
388 4132 415 4178 a.
429 4112 583 4193 infracto)
605 4113 831 4188 concinnatam,
854 4128 1007 4193 manuque
1030 4110 1153 4193 propria
1167 4108 1372 4189 subscriptam

134 4213 243 4280 Officio
267 4216 452 4282 Dioecesano
476 4215 509 4279 in
530 4216 622 4298 duplo
645 4234 764 4298 semper
786 4214 953 4293 exhibebit,
980 4213 1068 4297 cujus
1088 4233 1184 4277 unum
1199 4211 1372 4293 exemplum

133 4336 204 4382 eum
227 4317 394 4383 indorsatis
418 4319 667 4384 Resnlntionibus
690 4324 721 4383 et
744 4317 1061 4383 Determinaticnibns
1083 4316 1299 4381 Ordinariatus
1313 4315 1373 4397 ipsi

134 4440 187 4505 pro
209 4421 399 4505 procurando
422 4422 530 4486 harum
555 4421 666 4487 effectu
689 4422 876 4498 remittetur,
903 4420 1036 4485 alterurn
1059 4438 1130 4485 vero
1150 4420 1184 4484 in·
1205 4418 1372 4488 ‘tabulario

133 4524 320 4591 Dioeeesano
343 4526 584 4595 conservabitur.
