3050 4859
294 105 613 208 tha-&2³33
650 150 882 208 Joann.
922 151 1144 216 samar,
1189 136 1570 219 Gardifiazis,
1609 154 1805 208 Prim.
1843 154 2041 225 Hzmq.
2081 154 2181 209 30.
2220 154 2382 225 Sept.
2420 155 2588 210 1883.
2674 137 2795 203 187

293 324 693 390 Sacrificium
741 325 1173 404 celebraretur,
1219 323 1644 408 solemnesque
1692 324 1841 403 Deo,
1883 324 1986 408 qui
2039 324 2215 390 dedit
2254 324 2600 404 victoriam,
2655 346 2799 411 gra-

291 431 429 496 tiae
462 431 813 514 agerentur.
899 430 1026 496 Rex
1059 428 1223 498 enim
1259 429 1415 493 hanc
1445 448 1684 513 quoque
1715 428 2059 508 victoriam,
2095 429 2374 512 arcisque
2407 429 2791 514 Strigonien-

292 535 389 600 sis
434 519 964 618 recuperationem
1011 553 1048 598 a
1094 533 1224 599 Deo
1271 533 1667 616 repetendam
1724 533 2138 613 existimavit,
2198 532 2719 618 quemadmodum
2761 559 2795 599 e

293 638 668 723 praecitatis
714 638 881 703 illius
927 637 1158 703 litteris
1200 638 1366 703 clare
1412 638 1653 715 elucet;
1717 657 1789 702 ex
1839 637 1978 703 aliis
2006 639 2174 703 ‘item
2221 658 2291 704 ex
2340 638 2499 703 Arce
2541 657 2791 722 recupe-

294 745 447 810 rata
494 742 575 808 ad
638 743 896 807 eundem
958 741 1347 808 Cardinalem
1413 742 1612 820 datis,
1669 762 1822 826 quas
1876 743 1966 807 sic
2012 742 2263 826 incipitz
2333 743 2569 827 »Legat
2613 742 2791 811 llltas

293 848 535 913 Vestra
597 850 669 912 e'x
726 846 955 913 litteris
1012 845 1380 912 Sanctitatis
1441 846 1637 924 Suae,
1697 846 1999 930 quomodo
2041 846 2249 912 divina
2294 846 2646 932 benignitas
2683 867 2791 931 pro

294 952 596 1018 fidelibus
642 951 789 1031 suis,
837 970 960 1016 non
1003 952 1203 1016 cessat
1262 951 1562 1017 miracula
1621 951 1905 1034 operari.-
1973 950 2355 1036 Strigonium
2404 953 2531 1017 situ
2575 953 2793 1018 et-na-

293 1059 450 1122 tum
489 1056 896 1122 fortissimum
940 1056 1253 1121 redditum
1321 1055 1731 1135 Christianis,
1785 1055 2096 1122 Cathedra
2135 1075 2245 1122 suo
2292 1056 2566 1135 Pastori,
2608 1056 2795 1122 Sedes

300 1161 515 1245 Regni
567 1161 847 1240 Primati,
897 1161 1255 1226 Provinciae
1287 1162 1521 1245 RegnO,
1555 1160 2120 1256 Altaria-supremo
2153 1161 2586 1227 Plasmatori.‹
2654 1162 2791 1244 Ipse

300 1268 518 1331 autem
562 1265 733 1329 illius
774 1265 1068 1347 temporis
1116 1265 1677 1348 Archi-Episcopus
1735 1268 1798 1329 et
1846 1265 2088 1330 Primas
2136 1265 2463 1331 Ladislaus
2507 1264 2791 1349 Szelepc-

298 1365 676 1455 senyi'ddto
724 1369 779 1433 5..
824 1369 1179 1434 Decembris
1226 1370 1411 1448 1683,
1470 1369 1594 1434 alia
1653 1369 1817 1433 inter
1862 1368 2115 1434 Summo
2162 1369 2452 1435 Pontifici
2496 1370 2795 1437 Innocen-

297 1477 398 1541 tio
431 1474 550 1540 XI.
575 1473 661 1538 sic
707 1474 781 1539 de
829 1474 1064 1540 eodem*
1086 1475 1309 1540 eventu
1346 1494 1411 1539 se
1452 1473 1771 1557 exprimit:
1818 1474 1940 1539 »Et
1971 1492 2138 1550 sane,
2173 1474 2542 1541 Beatissime
2583 1475 2791 1551 Pater,

303 1581 407 1645 vix
453 1579 589 1644 fieri
628 1580 867 1662 potest,
929 1580 1001 1643 ut
1058 1577 1264 1643 anima
1324 1579 1501 1661 plene
1562 1578 1866 1660 concipiat
1930 1578 2243 1645 laetitiam
2288 1598 2486 1657 suam,
2519 1579 2690 1663 quod
2730 1579 2791 1644 in

302 1702 499 1769 regno
548 1684 911 1767 Hungariae
953 1682 1296 1767 Religionis
1342 1684 1546 1748 status
1595 1702 1666 1747 ex
1711 1702 1800 1761 eo,
1845 1682 2027 1768 quod,
2075 1684 2255 1767 parta
2300 1683 2535 1749 illustri
2577 1685 2640 1748 et
2685 1703 2791 1765 per

293 1809 374 1854 >se
424 1790 561 1853 tam
606 1788 991 1853 memorabili
1056 1788 1308 1854 victoria
1368 1789 1583 1853 contra
1641 1788 1906 1867 TurcaS‚
1971 1789 2306 1853 maximum
2346 1790 2410 1853 et
2453 1788 2791 1871 principale

300 1892 810 1959 Christianitatis
857 1891 1309 1957 munimentum
1339 1893 1646 1958 Viennam
1677 1895 2123 1977 oppugnantes,
2159 1894 2447 1958 continuo
2489 1892 2787 1958 malorum

301 2000 372 2063 et
417 1997 883 2076 calamitatum,
950 2017 1107 2080 quae
1170 1997 1397 2080 ubique
1442 2000 1708 2082 regnant
1757 1998 1820 2062 in
1870 1997 2218 2081 Hungaria,
2267 1997 2432 2063 haud
2480 1998 2791 2065 modicum

302 2100 593 2168 levamen
652 2101 912 2175 senserit
976 2120 1046 2166 ex
1103 2102 1561 2184 recuperatione
1623 2101 1921 2186 Strigonii
1982 2121 2224 2185 unaque
2284 2120 2425 2167 cum
2471 2121 2540 2168 eo
2583 2104 2791 2169 vetera

303 2206 743 2272 celeberrimae
782 2204 1173 2272 Cathedralis
1216 2225 1361 2271 suae
1403 2206 1625 2273 decora
1657 2207 2136 2290 ornamentaque
2167 2207 2488 2272 restituta:
2535 2207 2699 2291 quod
2730 2211 2791 2274 et

304 2313 549 2377 factum
590 2330 720 2375 esse
786 2310 994 2375 nullus
1056 2310 1305 2375 dubitat
1366 2311 1594 2377 auxilio
1634 2312 1929 2376 bonorum
1977 2312 2248 2375 omnium
2292 2312 2608 2397 largitoris
2650 2312 2791 2391 Dei,

304 2417 378 2481 B.
427 2416 504 2480 V.
554 2416 857 2480 Patronae
907 2415 1289 2499 Hungariae,
1337 2414 1397 2479 S.
1440 2416 1852 2499 Proto-Regis
1901 2414 2220 2497 Stephani,
2262 2417 2324 2480 et
2377 2416 2791 2481 Beatitudinis

306 2521 602 2597 Vestrae,
654 2517 1035 2602 virtuteque,
1094 2520 1350 2585 consilio
1411 2521 1474 2584 et
1540 2520 1845 2584 industria
1891 2519 2169 2585 Caesaris
2212 2539 2457 2603 semper
2494 2520 2783 2602 Augusti.

305 2625 556 2689 Etenim
588 2643 625 2689 a
649 2624 867 2689 multis
894 2624 1025 2706 jam
1069 2625 1244 2689 annis
1276 2623 1768 2690 Christianorum
1798 2642 1970 2689 arma
1994 2625 2233 2690 nullum
2263 2626 2787 2710 propugnaculum

306 2720 859 2794 a'Muhametanis
905 2729 1201 2811 eripuere,
1247 2730 1310 2793 et
1349 2728 1531 2811 juxta
1575 2713 2037 2796 chronosticon':

930 2849 1047 2914 arx
1120 2849 1565 2933 Strlgonlensls
1639 2850 2133 2935 Metropothana

929 2954 1269 3037 hvngarlae
1337 2954 1519 3019 seDes
1585 2955 1794 3021 tVrGls
1835 2956 2113 3038 erlpltVr.

306 3077 506 3141 solum
568 3075 725 3140 illud
780 3066 1232 3158 Strigoniense,
1305 3075 1459 3141 alias
1520 3095 1626 3159 per
1686 3097 1876 3143 annos
1939 3078 2018 3141 70
2066 3080 2129 3141 et
2174 3077 2441 3159 amplius
2488 3076 2564 3139 ab
2613 3076 2787 3141 hoste

299 3182 701 3264 usurpatum,
766 3179 1082 3244 redditum
1128 3180 1222 3244 est
1268 3179 1756 3246 Christianum«
1851 3181 2154 3264 Aequum,
2199 3175 2516 3264 justumve
2562 3181 2676 3258 est,
2719 3183 2791 3244 ut

305 3284 404 3349 ilie
465 3285 565 3351 28.
624 3284 890 3348 labentis
958 3284 1217 3361 mensiS,
1288 3303 1409 3367 qua
1455 3283 1731 3350 Ecclesia
1779 3285 2004 3349 festum
2055 3281 2159 3350 SS.
2209 3283 2646 3368 Apostolorum
2691 3283 2791 3351 Si-

305 3389 505 3453 monis
552 3389 615 3452 et
660 3388 865 3453 Judae
914 3388 1186 3453 celebrat
1229 3391 1291 3453 et
1337 3408 1457 3471 qua
1481 3391 1642 3453 'ante
1689 3388 1983 3455 ducentos
2031 3394 2219 3455 annos
2265 3390 2645 3475 Strigonium
2693 3410 2787 3455 re-

306 3494 669 3575 cuperatum
716 3512 753 3556 a
793 3492 1027 3572 TurciS,
1075 3492 1444 3576 liberatique
1492 3494 1795 3557 assertum
1844 3496 1960 3573 est,
2007 3494 2308 3570 solemnes
2353 3494 2483 3560 Deo
2531 3514 2791 3579 agamus

307 3598 560 3680 gratias
651 3596 827 3677 Quod
873 3600 943 3661 ut
997 3598 1061 3661 in
1108 3597 1383 3662 Ecclesia
1430 3597 1792 3663 Cathedrali
1840 3598 1985 3679 fiat,
2035 3618 2249 3664 curare
2297 3599 2374 3663 ad
2420 3618 2588 3664 meas
2647 3618 2787 3681 par-

307 3701 399 3765 tes
443 3700 801 3783 partinebit.
1386 3701 1389 3702 ⁷
2172 3711 2180 3715 “
2604 3723 2610 3727 ·

402 3828 408 3834 ·
515 3821 833 3907 strigonii,
876 3823 973 3888 die
1018 3821 1119 3887 30.
1169 3810 1546 3907 Septembris
1584 3790 1782 3888 issa.
