3050 4859
211 140 568 236 1666611111116666.
588 166 952 236 acepsemas-caueae
972 167 998 219 6.
1013 166 1086 229 aa.
1108 156 1297 228 16661664.
1340 146 1402 214 475

160 362 283 410 emersa
305 342 424 419 civitas,
449 357 519 405 cum
534 338 732 405 vehementer
745 337 987 422 tranquillitatis
1004 338 1246 423 disciplinaeque
1262 337 1404 421 pvblicae

160 449 254 514 firma
272 445 474 512 fundamenta
491 444 677 527 requireret,
701 463 737 508 ea
766 443 834 527 1666
852 462 930 527 quae
953 443 1145 527 requirebat,
1177 443 1283 508 661666
1305 441 1363 508 sibi
1386 461 1405 507 a

161 552 312 637 religione
334 549 491 617 catholica
511 547 724 633 percommode
746 547 860 626 sensit3
883 548 930 614 ita
951 549 987 612 66
1002 548 1159 632 66661666,
1181 546 1263 612 illud
1276 547 1314 612 de
1326 565 1402 612 con-

162 656 269 722 cordia
297 654 431 720 ineunda
458 653 621 720 eonsilium
652 651 812 736 prudentis
841 652 1096 736 viri·'populoque
1118 653 1195 718 bene
1218 651 1405 718 consulentis

162 761 277 828 inissa·
314 760 432 841 Quare,
463 757 639 825 electores
662 757 798 822 rationes
821 757 987 835 deessent,
1009 758 1112 824 tamen
1143 755 1266 824 6616166
1297 755 1410 824 cedem

137 883 274 943 «causa,
306 880 385 947 quae
407 865 482 928 tunc
505 862 546 926 66
566 860 812 946 pacificationem
834 860 1060 944 suscipiendam
1082 860 1224 945 impulit,
1248 877 1329 926 nnnc
1352 859 1405 925 de·

161 970 251 1035 beret
273 969 312 1034 arl
335 966 575 1033 conservandam
597 965 766 1048 impellere.
817 965 899 1030 Nam
917 965 1131 1034 rinflammatis
1160 964 1274 1048 passim
1302 979 1406 1030 rerum

163 1092 313 1139 novarum
335 1071 459 1149 studiis,
482 1071 514 1135 in
537 1072 602 1137 tam
626 1070 746 1135 1666166
767 1069 976 1153 expectatione
997 1069 1198 1150 futurromm,
1226 1088 1319 1136 nevas
1341 1069 1407 1133 tie-

163 1179 300 1243 cerdiam
322 1195 431 1241 causas
453 1175 535 1240 iuter
556 1177 719 1258 utramque
741 1174 926 1259 potestatem
951 1194 1070 1252 serere,
1100 1173 1329 1258 interiectisque
1344 1173 1407 1240 im-

145 1267 349 1364 'pedimentis
372 1279 552 1346 beneficiam
576 1278 734 1344 Ecclesiae
755 1278 917 1362 prohibere
940 1281 994 1344 aut
1013 1279 1161 1347 remerari
1177 1279 1336 1358 virtutem,
1357 1279 1406 1346 ira

165 1386 308 1452 6666616
330 1403 379 1450 res
402 1387 521 1451 666666
503 1384 649 1467 etpleua
670 1383 811 1468 periculi

270 1491 314 1555 At
336 1507 406 1555 vere
429 1490 486 1555 1166
506 1489 643 1572 tempore
666 1487 759 1571 hujus
780 1486 901 1572 generis
922 1487 1054 1552 eminere
1084 1433 1226 1571 pericula
1250 1507 1308 1553 nou
1338 1487 1405 1554 sine

164 1595 372 1687 sollicitudine
392 1596 425 1659 66
447 1612 561 1677 angore
574 1593 732 1660 videmus·
755 1591 888 1676 quadam
906 1592 986 1658 enim
1004 1594 1037 1658 66
1052 1593 1123 1658 6666
1138 1593 1211 1658 6666
1225 1593 1405 1676 6666166661

148 1719 235 1765 cum
257 1676 414 1765 Ecclesiae
435 1698 536 1763 salute
560 1697 687 1762 minime
710 1695 929 1781 congruentia,
957 1697 1156 1780 posteaquem
1169 1739 1174 1748 ⁴
1188 1695 1327 1765 66666111
1355 1697 1404 1765 iu·

164 1803 376 1868 fenso'animo
397 1801 524 1868 istituta
545 1800 700 1866 catholica
721 1801 754 1865 16
774 1800 979 1884 suspicionem
1009 1801 1220 1892 invidiamque
1239 1801 1403 1889 6111166616,

164 1927 261 1990 eaque
288 1907 410 1973 civitati
432 1905 609 1990 praedicare
632 1905 759 1970 inimica
781 1904 873 1988 vulgo
897 1906 1127 1973 consueverunt.
1172 1906 1280 1988 Neque
1302 1903 1404 1976 161666

164 2011 313 2078 6611161666
334 2011 499 2094 anxiosque
522 2011 637 2075 babent
659 2010 724 2076 Nos
746 2028 862 2075 eorum¹
875 2008 1012 2088 consilia,
1035 2010 1097 2092 qui,
1121 2009 1322 2079 dissoeieutis
1342 2009 1402 2076 Ee-

165 2115 278 2180 clesiae
299 2116 405 2199 reique
425 2114 568 2198 publicae
588 2113 771 2193 rationibus,
793 2113 949 2179 salubrem
971 2113 1057 2180 illam
1074 2114 1192 2198 riteque
1208 2114 1321 2182 initam
1334 2131 1404 2180 eum

166 2220 345 2303 apostolica
367 2218 445 2285 Sede
466 2219 662 2284 concordiam
684 2218 782 2283 serius
805 2217 889 2284 66166
912 2218 1098 2302 diremptam
1121 2220 1254 2286 vellent:

266 2310 331 2390 Nos
353 2325 477 2408 quidem
495 2323 533 2388 in
557 2325 613 2389 hoe
640 2342 743 2388 rerum
775 2323 861 2387 stetu
890 2323 970 2388 nihil
1001 2323 1293 2406 praetermissimus,
1321 2319 1408 2407 queri

163 2431 303 2512 tempora
324 2429 482 2512 postulare
503 2427 687 2494 viderentur.
711 2427 865 2511 Legatum
881 2425 1267 2510 NostrumApostolicum,
1282 2428 1403 2512 quotics

164 2534 305 2616 oportere
325 2532 426 2597 visum
448 2533 513 2611 est,
541 2533 641 2597 facere
661 2530 920 2614 expostulationes
940 2531 1106 2616 jussimus:
1138 2551 1217 2616 quas
1250 2533 1304 2616 qui
1336 2552 1401 2598 rem

164 2636 319 2719 publicam
342 2638 455 2721 gerunt
477 2654 570 2718 prono
591 2655 625 2700 se
644 2636 684 2701 ad
707 2635 898 2718 aequitatem
921 2636 1023 2706 anime
1038 2637 1178 2720 accipere
1194 2636 1304 2703 testati
1320 2639 1401 2704 6666.

164 2741 229 2806 1166
250 2741 318 2824 1661,
343 2759 413 2804 cum
436 2741 503 2806 lata
527 2740 577 2804 1611
599 2742 647 2805 666
669 2739 707 2805 de
727 2739 867 2824 collegiis
889 2740 1044 2806 sodalium
1059 2740 1273 2824 religiosorum
1290 2741 1403 2806 tollen·

132 2923 136 2935 ,
165 2845 225 2923 dis,
258 2845 355 2910 animi
385 2845 492 2910 Nostri
525 2864 615 2910 sensa
641 2844 757 2910 litteris
780 2845 1029 2929 consignavimus
1053 2845 1092 2912 ad
1114 2845 1262 2913 dilectum
1286 2845 1402 2913 Filium

166 2949 312 3014 Nostrum
340 2948 371 3015 S.
390 2951 431 3014 11.
455 2951 490 3017 E.
518 2947 713 3015 Cardinalem
747 2948 1020 3033 Archiepimepum
1047 2949 1280 3016 Parisiensium
1309 2949 1401 3016 datis.

165 3053 265 3118 Simili
295 3054 402 3133 modo,
435 3054 539 3120 missis
572 3055 727 3138 superiore
758 3072 839 3120 anuo
869 3072 973 3120 mense
1003 3053 1098 3122 Juniu
1121 3054 1160 3118 ad
1183 3071 1337 3120 summum
1358 3054 1402 3122 161

165 3157 304 3241 publicae
319 3158 494 3242 Principem
516 3159 641 3238 litteris,
665 3158 768 3224 cetera
790 3158 847 3226 illa
868 3158 1103 3242 deploravimus,
1117 3175 1204 3242 quae
1221 3158 1321 3226 saluti
1335 3159 1403 3226 ani-

165 3281 282 3327 momm
305 3265 492 3342 nocent,ct
477 3262 669 3328 tEcclesiae
692 3263 827 3328 rationes
846 3263 1015 3328 incolumes
1038 3281 1184 3328 essenon
1206 3263 1403 3331 sinuntld

165 3385 234 3432 vero
261 3366 413 3434 efficimus
444 3369 512 3432 6661
542 3367 622 3450 quod
652 3367 821 3432 sanctitate
845 3367 876 3432 et
898 3367 1113 3451 magnitudine
1136 3367 1272 3432 muneris
1294 3368 1400 3435 Nost
1376 3387 1402 3432 rr

165 3472 324 3554 apostolici
347 3472 612 3554 paciscebamur,
644 3472 710 3536 tum
734 3470 815 3554 qnod
838 3471 1035 3537 vehementer
1056 3472 1196 3556 cupimus
1218 3473 1401 3559 utaceepta

166 3576 342 3659 epatribus
365 3578 396 3642 et
418 3577 587 3660 majoribus
610 3575 719 3660 religio
738 3577 844 3641 sancte
865 3576 1073 3660 inviolateque
1095 3577 1127 3642 in
1152 3575 1255 3643 Gallia
1281 3594 1402 3646 666661-

165 3683 261 3749 vetur.
307 3681 375 3746 Hac
397 3681 464 3760 via,
490 3680 546 3746 1166
575 3680 642 3764 1666
663 3682 770 3746 tenore
793 3681 986 3746 constantiae
1005 3682 1122 3746 certum
1147 3682 1246 3748 Nobis
1267 3685 1314 3748 est
1336 3697 1401 3748 rem

164 3784 287 3851 Galliae
311 3785 496 3852 catholicam
518 3786 665 3868 perpetuo
694 3787 726 3850 in
756 3785 911 3869 posterum
943 3785 1117 3851 defendere,
1159 3786 1254 3870 (injus
1277 3787 1401 3870 quietem

165 3889 256 3955 officii
275 3890 354 3974 justi
376 3909 412 3955 ac
435 3889 531 3954 debiti
547 3890 611 3955 Vos
625 3908 740 3968 omues,
766 3889 965 3954 Venerabilas
984 3889 1119 3968 Fratres,
1144 3890 1300 3975 adjutores
1322 3893 1401 3956 stre·

166 4013 239 4058 nuos
262 4013 381 4077 semper
403 3994 578 4060 habuimus.
626 3994 745 4059 Revera
765 3992 919 4062 sodalium
938 3991 1150 4080 religioaomm
1174 3995 1272 4061 coacti
1298 3995 1401 4061 dolere

167 4097 271 4176 vicem
294 4097 466 4181 perfecistis
488 4100 608 4178 tamen,
631 4097 711 4182 quod
734 4099 802 4164 erat
820 4098 854 4163 in
872 4099 1026 4183 potestate
1049 4100 1168 4178 uestra,
1191 4119 1228 4164 ne
1251 4097 1402 4168 indefensi

166 4202 412 4281 succumberent,
446 4205 499 4286 qui
530 4222 589 4268 uon
615 4203 717 4267 minus
742 4203 781 4268 de
802 4221 835 4268 re
860 4203 984 4287 publica
1006 4223 1098 4288 qnam
1117 4205 1157 4269 de
1178 4204 1317 4270 1166166161
1335 4223 1401 4270 1116-

165 4307 298 4371 ruerant.
339 4307 406 4373 Hoc
428 4313 533 4372 antem
557 4309 703 4391 tempure,
725 4308 877 4390 quantum
899 4309 985 4393 leges
1005 4309 1121 4387 sinunt,
1143 4309 1175 4372 in
1196 4328 1231 4374 eo
1249 4308 1401 4392 evigilant

166 4410 315 4477 maximae
337 4429 428 4477 66166
448 4411 713 4497 cogitationesque
734 4413 873 4491 vestrae,
895 4414 932 4477 66
953 4413 1065 4496 616666
1086 4413 1290 4480 1666166616616
1315 4413 1402 4497 66616

165 4515 338 4601 suppeditet
357 4516 533 4603 juventuti:
555 4518 587 4582 66
609 4516 648 4583 de
668 4515 806 4582 consiliis
821 4535 898 4602 quae
914 4516 1059 4584 adversus
1073 4517 1244 4586 Ecclesiam
1260 4517 1401 4584 nonnulli
