3050 4859
107 107 170 172 184
211 123 423 191 Sdculnrsctsr
441 125 496 179 der
515 121 686 193 Bcfrctnnp
705 122 931 191 Oretana-Una).
950 138 1013 177 von
1031 124 1091 179 den
1112 122 1235 178 Tttrben
1254 124 1339 179 1683.

106 298 139 361 in
162 296 284 361 nomine
302 314 382 373 meo,
405 294 493 359 dabit
515 295 642 373 Vobis«,
665 294 765 359 Deum
790 293 1039 376 Omnipotentem
1062 294 1148 359 enixe
1171 314 1294 360 oramus
1318 299 1352 361 et

106 400 272 478 orabimus,
297 401 333 464 ut
355 399 593 464 dilectissimum
615 400 754 463 nostrum
778 397 960 463 Pontificem
985 398 1156 463 Maximum
1177 399 1352 466 incolumen

106 505 265 571 conservet
288 506 319 569 et
339 503 466 568 tueatur
487 504 519 567 ot
541 503 669 567 beatum
692 503 789 568 faciat
812 502 845 565 in
859 501 951 567 terris
972 504 1004 566 et
1021 521 1078 566 non
1101 503 1207 567 tradat
1232 522 1301 569 eum
1318 506 1351 569 in

106 608 242 674 animam
264 607 459 673 inimicorum
482 626 625 684 suorum;
642 609 674 671 et
689 626 795 671 reuera
812 607 960 690 gaudium
985 607 1123 671 nostrum
1140 607 1261 689 plenum
1279 609 1351 687 erit,

7 759 8 762 ,
105 713 133 777 si
153 712 219 778 Deo
238 711 288 776 bis
310 730 444 777 annuere
465 710 609 794 precibus
632 711 793 793 placuerit.

211 816 380 899 Dignatur,
413 814 587 880 humillime
609 835 813 899 quaesumus,
838 814 995 881 Sanctitas
1018 816 1132 879 Vestra
1154 816 1242 881 nobis
1265 817 1302 881 ad
1325 836 1350 881 s

19 911 21 914 ’
106 920 200 1006 pedes
221 920 390 1003 provolutis
411 939 449 984 ac
472 919 619 1003 gregibus
642 920 757 985 nostris
779 918 992 1003 Apostolioaur,
1020 920 1264 987 benedictionem
1287 921 1348 985 cle·

106 1024 299 1091 mantissime
321 1023 492 1106 impertire.

210 1128 348 1195 Viennae
370 1127 403 1191 in
425 1127 566 1206 Austris,
588 1126 638 1192 die
663 1128 713 1195 12.
736 1126 928 1211 Septembris
945 1127 1039 1191 1883.

107 1306 137 1368 5.
158 1302 289 1384 ¹In'lerne
304 1302 477 1367 circulares
496 1300 613 1368 Jounn.
630 1299 745 1377 Simon,
765 1298 960 1377 Uetulonios,
983 1299 1137 1364 Primnb's
1152 1300 1350 1383 Hunpurr‘ne,

161 1501 164 1503 v
196 1406 363 1487 Principis
382 1404 623 1487 Arabicpiscopr'
645 1403 870 1488 Striponicnsr’s
891 1404 921 1467 d.
934 1404 964 1469 d.
988 1408 1039 1469 30.
1060 1402 1143 1485 Sept.
1168 1409 1263 1469 1883.

119 1571 120 1574 “
210 1545 331 1611 Solutio
352 1546 390 1610 ab
413 1544 570 1610 obsidione
601 1544 721 1611 turcica
751 1544 844 1611 Urbis
868 1544 1070 1622 Viennensis,
1094 1547 1126 1609 et
1148 1545 1267 1629 ingens,
1290 1565 1352 1627 qua

107 1650 222 1716 ibidem
245 1650 295 1715 die
319 1650 396 1714 l2·a
419 1648 609 1732 Septembris
634 1650 728 1713 1683.
775 1649 893 1712 Vnrcae
922 1648 1026 1713 affecti
1054 1650 1127 1713 sunt
1149 1649 1269 1726 clades,
1291 1649 1351 1711 iui-

107 1754 188 1820 tium
210 1754 271 1818 fuit
293 1753 491 1819 victoriarum
522 1752 667 1836 Leopoldi
689 1753 713 1819 l.
736 1753 935 1835 Imperatoris
968 1756 999 1817 et
1033 1753 1128 1837 Regis
1160 1772 1195 1819 eo
1228 1752 1352 1830 laetius,

107 1878 168 1941 quo
190 1859 291 1941 magis
307 1858 545 1940 inexpectatum,
566 1858 602 1921 ut
618 1856 874 1941 intelligeremus,
888 1856 988 1921 Deum
1008 1876 1042 1921 eo
1059 1857 1256 1939 potissimum
1273 1860 1352 1924 tem·

100 1982 179 2045 pore
200 1961 363 2045 opitulari,
396 1980 455 2044 quo
486 1959 621 2025 bumana
650 1961 805 2044 praesidia
833 1961 938 2026 deesse
964 1961 1118 2027 uidentur.
1139 1998 1181 2007 -
1204 1960 1284 2025 Sane
1314 1962 1350 2025 de

42 2116 49 2125 .
107 2066 233 2143 illustri,
256 2066 294 2130 ad
310 2065 461 2129 Viennam
482 2067 641 2148 reportata
663 2065 793 2130 uictoria
809 2066 853 2129 sic
870 2066 909 2130 ad
926 2065 1138 2131 Innocentium
1151 2066 1206 2131 XI.
1228 2066 1352 2147 scripsit

51 2232 57 2237 ,
108 2170 182 2235 dato
209 2171 265 2234 tia
287 2169 489 2247 Nouembris,
518 2188 544 2233 e.
568 2188 595 2234 a.
625 2169 765 2234 oculatus
798 2168 888 2233 testis
912 2169 1144 2235 blanimilianus
1164 2170 1351 2235 Emmanuel

99 2273 260 2350 ,Bouariae
283 2274 420 2339 Elector:
446 2274 540 2337 »Fuit
561 2272 685 2355 quidem
709 2273 929 2353 memorabilis,
954 2275 986 2338 et
1006 2274 1091 2339 nullo
1116 2293 1189 2339 aeno
1206 2274 1352 2339 oblivioni

98 2378 258 2451 ‚tradenda
277 2377 424 2455 victoria,
449 2396 543 2461 quam
576 2378 661 2442 Deus
690 2378 738 2441 ter
768 2377 911 2460 Optimus
946 2378 1100 2442 Maximus
1123 2378 1269 2445 aduersus
1292 2379 1352 2443 im-

108 2483 324 2547 manissimum
347 2482 518 2547 Turcarurn
547 2482 669 2547 hostem
698 2481 879 2547 duodecimo
902 2482 1092 2565 Septembris
1120 2482 1351 2549 Christianitati

109 2606 200 2670 prope
223 2587 375 2651 Viennam
397 2588 558 2653 concessit.
590 2585 660 2653 Siue
685 2586 768 2651 enim
790 2587 957 2653 horrendus
982 2588 1013 2653 et
1037 2587 1222 2651 miserabilis
1239 2590 1352 2651 nutan-

108 2692 159 2771 tis,
184 2693 217 2756 et
238 2710 417 2773 supremum
439 2690 570 2774 gradum
584 2690 649 2775 jam
666 2690 895 2757 extimescentis
914 2692 1060 2760 obsessae⁴
1078 2681 1223 2757 Ciuitatis
1239 2694 1350 2765 status.

108 2795 173 2863 sire
196 2795 301 2878 dispar
317 2794 505 2861 exercituum
531 2814 687 2875 numerus,
711 2796 776 2860 sire
793 2796 1002 2861 munitissima
1017 2796 1223 2861 Barbarorum
1239 2798 1353 2874 castra,

52 2910 56 2913 ’
109 2900 174 2966 sire
206 2900 303 2964 valles
337 2901 370 2964 et
398 2902 540 2978 montes,
573 2918 649 2983 quos
685 2899 932 2965 Christianorum
968 2902 1136 2965 exercitum
1171 2900 1203 2964 in
1238 2920 1354 2984 magne

108 3024 259 3089 aquarum
281 3005 313 3069 et
336 3003 519 3069 victualium
540 3004 667 3087 penuria
689 3005 821 3069 transire
836 3004 983 3087 oportuit,
1000 3004 1241 3079 considerentur,
1263 3004 1354 3069 undi-

109 3128 167 3191 que
190 3110 298 3173 tantae
325 3108 539 3191 prominebant
570 3108 792 3187 difficultates,
820 3110 855 3173 ut
878 3128 967 3174 nemo
995 3109 1085 3174 aliter
1108 3109 1277 3193 dijudicare
1299 3128 1353 3191 po-

108 3213 213 3291 tuerit,
238 3214 312 3298 quin
335 3212 478 3277 liberatio
496 3212 633 3277 Viennae
647 3213 690 3277 sit
706 3232 822 3296 magna
838 3212 1008 3279 Christiani
1025 3214 1185 3297 sanguinis
1207 3213 1353 3279 effusione

109 3317 290 3382 const'tuta.
317 3352 352 3363 -
377 3316 600 3382 Verumtamen
630 3316 736 3382 divina
759 3318 880 3383 bonitas
911 3318 1032 3383 occulta
1055 3319 1085 3382 vi
1107 3318 1182 3383 adeo
1206 3318 1353 3401 perculsit

110 3420 319 3486 Barbarorum
342 3420 476 3499 animos,
510 3422 547 3485 ut
576 3440 635 3485 non
666 3422 827 3505 expectata
851 3441 997 3487 mannum
1020 3422 1219 3501 consertione,
1244 3408 1377 3489 relicta*

108 3524 295 3607 supellectili
318 3523 448 3604 bellica,
473 3523 513 3588 ad
537 3527 733 3608 conspectum
757 3527 846 3610 quasi
871 3526 1040 3592 Christiani
1063 3528 1214 3593 exercitus
1237 3547 1350 3611 propu-

109 3627 196 3694 diosa
225 3628 409 3712 fugeritne
443 3647 517 3693 suae
545 3629 765 3696 consuluerint.
790 3630 1046 3715 —Quapropter
1077 3632 1134 3697 soli
1167 3634 1231 3699 Deo
1254 3634 1352 3697 omnis

109 3732 215 3811 honor,
239 3731 307 3797 laus
331 3734 363 3797 et
385 3732 486 3817 gloria
509 3733 721 3816 principaliter
744 3734 947 3801 adscribenda
970 3738 1046 3801 estc
1201 3807 1203 3813 ¹

214 3836 369 3903 Victoriae
392 3837 485 3921 hujus
506 3838 625 3921 primus
644 3838 765 3903 fructus
780 3839 841 3904 luit
857 3840 973 3923 ereptio
990 3860 1006 3905 e
1022 3840 1164 3906 manibus
1181 3841 1354 3907 Turcarum

71 3988 74 3991 -
109 3940 199 4007 Arois
231 3942 263 4005 et
290 3940 435 4008 Civitatis
467 3941 697 4027 Strigoniensis.
726 3982 766 3991 -
799 3944 926 4022 Vurcas,
951 3964 1082 4029 quorum
1113 3946 1230 4027 70,ooo
1261 3965 1354 4029 prope

109 4045 263 4111 Viennam
282 4046 461 4133 occqbuisss
483 4046 642 4126 feruntur,
664 4048 696 4111 in
726 4049 801 4133 fuga
829 4049 961 4115 salutem
985 4051 1176 4132 quaerentes,
1201 4051 1353 4133 persequi,

109 4150 141 4216 et
163 4149 289 4229 bellum,
313 4150 396 4234 quod
417 4150 479 4234 ipsi
499 4152 572 4217 ante
602 4151 748 4217 effluxum
780 4154 939 4236 pactarum
972 4153 1167 4219 induciarum
1197 4154 1351 4239 fidefragi,

109 4257 301 4337 oeceperant,
324 4254 411 4321 nulla
432 4255 495 4321 tere
517 4255 702 4339 interposita
722 4276 808 4323 mora
822 4258 964 4341 prosequi
980 4258 1158 4324 statuerunt
1181 4260 1354 4341 Imperator

32 4405 34 4408 -
109 4358 144 4423 et
170 4358 235 4424 Rex
266 4360 435 4447 Leopoldns
458 4360 483 4428 l.
507 4360 719 4445 foederatique
751 4362 925 4444 Principes:
958 4362 1104 4427 nimirum
1134 4362 1270 4429 Joannes
1305 4364 1354 4429 III

110 4459 302 4551 Szobieszky,
327 4466 390 4534 Rex
413 4464 569 4548 Poloniae,
592 4466 811 4555 praelaudatus
833 4485 921 4550 porro
944 4466 1066 4534 Elector
1090 4468 1252 4549 Banariae,
1278 4487 1354 4554 quos
