3050 4859
301 200 385 263 68
959 215 1182 285 Synod.
1221 216 1478 282 dioeces.
1514 214 1826 285 Neapolit.
1862 227 1918 269 a.
1956 213 2123 271 1882.

301 387 570 467 Domini,
616 386 714 453 vel
759 386 838 452 ad
885 387 1083 453 altare
1127 386 1270 453 inde
1314 385 1754 467 reducendum,
1797 386 1931 453 fieri
1962 390 2133 513 extra
2164 386 2480 521 Ecclesiae
2495 388 2783 471 ”parietes

298 491 748 559 interdicimus.
2721 521 2726 526 ·
2755 512 2764 520 ’

504 596 739 664 XXIII.
831 595 1054 663 Clerici
1097 596 1444 680 saeculares
1491 597 1676 680 atque
1722 596 2106 681 Regulares,
2102 597 2235 681 qni
2280 596 2496 664 sacris
2518 598 2784 663 Proces-

299 702 571 766 sionibns
612 703 749 766 tum
795 699 1204 785 generalibuS,
1252 688 1389 765 tuni
1435 700 1920 783 particularibus
1960 702 2263 767 interesse
2303 697 2789 783 jubentur-,sadi-

297 806 426 871 sint
469 824 698 877 omnes,
746 805 1084 870 constituta
1127 804 1316 884 hora,
1379 805 1443 869 in
1485 805 1721 871 Nostra
1782 803 2063 871 Ecclesia
2118 805 2785 888 ·Metropolitana,‘''ad

300 928 483 993 quam
528 909 800 975 ordinati
842 908 1155 998 redibunt,
1203 910 1321 974 nisi
1367 908 1553 974 aliter
1600 910 1882 975 notatum
1930 910 2015 975 sit
2060 909 2125 974 in
2173 909 2411 975 Edicto.
2507 932 2553 952 ·-·“
2606 922 2634 964 ι’

503 1013 731 1079 XXIV.
771 1013 843 1078 In
873 1013 1264 1098 generalibus
1309 1014 1825 1092 Processionibus,
1859 1016 2101 1097 praeter
2124 1013 2483 1097 Capitulum
2514 1014 2788 1080 Nostrae

299 1119 817 1201 Metrnpnlitanae
862 1117 1194 1197 Ecclesiae,
1241 1117 1514 1202 aliasque
1556 1116 1938 1203 Collegiatas
1980 1118 2448 1237 privileg-istm,
2492 1120 2788 1202 etqua-

295 1223 436 1286 tum
488 1225 553 1285 P
557 1225 828 1299 1111131118,
869 1242 1020 1306 quas
1069 1221 1337 1306 Major-es
1384 1222 1719 1306 appellant,
1765 1242 1945 1288 nemo
1976 1221 2041 1287 in
2089 1222 2589 1291 Processionibus
2621 1222 2783 1288 Ciu-

299 1346 432 1391 cem
478 1325 639 1391 ferat
683 1326 931 1406 nudam,
995 1325 1104 1391 sed
1156 1343 1423 1411 appenso
1483 1344 1683 1409 panno
1758 1329 2071 1410 apertam,
2135 1330 2205 1393 ut
2257 1327 2788 1446 Praedecessor'es

297 1432 514 1497 Nostri
555 1451 660 1516 per
707 1429 1229 1497 Constitutionem
1271 1429 1641 1516 Synodalem
1689 1431 2002 1496 caverunt.
2560 1451 2564 1466 ¹

503 1534 702 1601 XXV.
745 1534 1190 1613 ProcessioneS,
1235 1554 1394 1619 quae
1441 1555 1477 1599 a
1523 1534 2003 1619 Metropolitana
2048 1535 2331 1601 Ecclesia
2372 1535 2439 1601 in
2487 1536 2784 1602 honorem

299 1640 358 1705 S.
406 1641 449 1706 J
454 1660 695 1706 anuaru
741 1641 819 1705 ad
865 1640 998 1725 ejus
1039 1640 1342 1724 templum
1389 1641 1927 1718 extramuranum,
1996 1640 2096 1705 die
2159 1637 2485 1705 Dominica
2532 1634 2786 1707 Passio·

300 1745 397 1809 nis
423 1795 439 1824 ,
508 1747 570 1811 et
627 1744 693 1809 in
745 1746 1035 1810 honorem
1104 1741 1164 1810 S.
1231 1742 1487 1828 Agnelli
1546 1743 1858 1809 Tutelaris
1926 1743 2122 1809 nostri
2182 1744 2282 1809 die
2341 1737 2551 1827 ipsius·
2607 1759 2786 1809 sacro

303 1849 402 1913 14.
450 1850 811 1914 Decembris
856 1849 934 1912 ad
975 1848 1107 1931 ejus
1155 1848 1453 1931 templum
1501 1847 1589 1913 ad
1633 1854 1821 1930 caput
1865 1848 2171 1930 Neapolis
2216 1851 2615 1932 peraguntur,
2666 1842 2789 1914 ite·

298 1972 437 2019 rum
481 1953 932 2033 confirmamus.
1003 1951 1177 2034 Quod
1219 1953 1273 2017 si
1311 1952 1468 2017 forte
1513 1950 1813 2036 obtigerit
1858 1970 2246 2037 quacumque
2287 1970 2357 2017 ex
2400 1942 2605 2018 causa⁴¹
2632 1954 2791 2019 Pro-

301 2058 604 2123 cessiones
651 2076 759 2140 per
805 2056 969 2119 viam
1013 2055 1151 2121 fieri
1194 2075 1314 2120 non
1361 2073 1557 2139 posse,
1601 2056 1667 2135 ii,
1710 2057 1814 2140 qui
1860 2056 1946 2122 eis
1985 2057 2284 2121 interesse
2328 2056 2618 2121 tenentur
2641 2108 2657 2136 ‚
2704 2057 2790 2123 ad

301 2167 507 2229 eorum
523 2161 886 2228 Sanctorum
902 2161 1139 2245 templa
1155 2160 1447 2244 privatim
1476 2160 1854 2241 accedenteS,
1880 2160 2111 2227 ibidem
2136 2161 2396 2246 propriis
2419 2162 2783 2245 insignibus

257 2268 501 2331 ‘induti
547 2286 656 2348 per
701 2265 863 2330 atria
906 2267 968 2329 et
1014 2264 1226 2330 aedem
1276 2264 1559 2330 sollemni
1605 2266 2052 2349 supplicatione
2099 2266 2172 2329 de
2215 2281 2381 2330 more
2425 2265 2737 2331 incedant.

503 2369 735 2437 XXVI.
829 2369 1090 2449 Omnes,
1130 2368 1265 2451 qui
1332 2369 1833 2434 Processionibus
1877 2369 2221 2448 intersunt,
2279 2370 2417 2434 tam
2484 2370 2783 2453 graviter,

301 2474 575 2540 modeste
614 2491 686 2539 ac
726 2473 944 2539 devote
988 2472 1117 2538 bini
1161 2472 1513 2557 procedant,
1562 2473 1635 2538 ut
1679 2471 1870 2542 etiam
1912 2475 2206 2558 populum
2254 2473 2333 2537 ad
2372 2473 2675 2556 pietatem
2706 2494 2786 2539 ac

299 2578 665 2665 religionem
706 2578 974 2644 excitare
1025 2578 1292 2645 valeant.

653 2752 808 2834 Gap.
855 2758 916 2819 4.
988 2750 1086 2818 De
1129 2752 1457 2835 EoecquiiS,
1505 2752 1865 2819 Funeribus
1905 2758 1965 2819 et
2008 2750 2425 2820 Goemeteriis.

506 2891 812 2956 Fidelium
857 2910 1126 2974 corpora,
1168 2910 1324 2975 quae
1368 2891 1783 2956 instrumenta
1814 2891 1983 2956 fuere
2016 2892 2258 2957 animae
2285 2893 2365 2957 ad
2408 2892 2776 2976 obsequium

299 3000 362 3064 et
407 2997 697 3063 honorem
747 2997 876 3062 Deo
922 2993 1363 3080 praestandum
1410 2995 1548 3073 (Ad
1591 2996 1773 3063 Rom.
1820 2994 1963 3075 XII,
2010 2996 2095 3078 1.)
2148 2996 2453 3080 templum
2508 2996 2783 3080 Spiritus

301 3100 546 3183 Sancti,
605 3104 667 3167 et
728 3100 970 3167 divinae
1032 3100 1275 3184 gratiae
1339 3099 1772 3165 habitaculum
1842 3100 1920 3183 (I
1967 3101 2053 3166 ad
2092 3099 2252 3169 Gor.
2314 3098 2433 3181 III,
2478 3100 2781 3185 16,-1-27.)‚

301 3206 530 3272 Sancta
573 3206 779 3271 Mater
822 3204 1097 3270 Ecclesia
1145 3204 1438 3288 piissimis
1483 3204 1705 3269 officiis
1749 3224 1990 3287 semper
2037 3205 2408 3288 prosequuta
2451 3206 2564 3271 est.
2612 3203 2784 3284 Quo-

302 3311 465 3377 circa
503 3310 638 3395 jam
679 3309 822 3375 inde
868 3329 905 3374 a
945 3311 1072 3374 suis
1117 3309 1509 3374 incunabulis
1541 3309 1677 3374 loca
1721 3308 2097 3393 sepeliendis
2135 3308 2630 3374 Christianorum
2658 3322 2783 3373 'ca-

304 3415 630 3481 daveribus
674 3415 988 3480 destinata
1031 3416 1393 3479 coemeteria
1430 3412 1792 3496 appellavit,
1838 3412 2003 3497 'quod
2033 3412 2165 3478 illic
2193 3412 2471 3496 deposita
2491 3400 2782 3477 *fidelium

303 3540 555 3603 corpora
593 3520 771 3604 quasi
805 3519 883 3583 ad
928 3517 1352 3583 dormiendum
1399 3518 1603 3602 jacere
1649 3518 2166 3596 existimarentur,
2208 3518 2272 3581 in
2321 3516 2658 3583 novissimo*
2679 3517 2782 3582 die

301 3610 762 3702 resurrectura3
825 3623 1016 3689 sacris
1055 3623 1294 3703 ritibuS‚
1343 3621 1864 3706 caeremoniisque
1911 3622 2331 3705 sepulcrorum
2378 3621 2780 3687 sanctitatem

301 3729 617 3806 firmavit3
665 3728 1023 3793 sollemnem
1066 3728 1298 3792 funeris
1341 3728 1729 3810 apparatum,
1778 3730 2101 3810 tamquam
2132 3728 2403 3791 erectam
2445 3724 2782 3791 victoribus

303 3832 534 3899 saeculi
577 3832 878 3916 triumphi
923 3851 1228 3917 pompam,
1276 3831 1577 3909 decrevit;
1626 3830 1886 3914 denique
1932 3833 2004 3896 111)
2034 3830 2277 3897 animae
2324 3829 2778 3909 defunctorum,

304 3956 458 4020 quae
498 3937 564 4001 in
610 3937 919 4003 charitate
967 3936 1202 4003 Christi
1246 3956 1318 4001 ex
1363 3936 1478 4000 hac
1522 3935 1655 4001 vita
1696 3936 2084 4021 migrarunt,
2147 3936 2332 4001 citius
2396 3934 2470 4001 ad
2535 3935 2781 4000 caelum

304 4042 650 4121 evolarent,
716 4060 892 4106 sacra
952 4040 1293 4124 piacularia
1350 4039 1637 4105 fidelibus
1682 4041 2078 4106 vehementer
2120 4038 2594 4107 commendavit.
2684 4040 2783 4105 Ne

302 4146 500 4229 igitur
545 4146 696 4211 haec
744 4164 1029 4229 suprema
1065 4146 1372 4210 humanae
1417 4145 1585 4210 vitae
1629 4144 1833 4209 officia
1876 4146 2053 4209 tanta
2083 4163 2230 4210 cura
2260 4162 2331 4209 ac
2364 4142 2785 4210 sollieitudine

304 4251 380 4315 ab
428 4249 705 4315 Ecclesia
745 4250 1088 4316 constituta
1133 4251 1320 4332 atque
1363 4249 1430 4313 in
1498 4249 1690 4315 sacris
1758 4248 2017 4314 Litteris
2077 4250 2403 4332 tantopere
2462 4265 2779 4314 commen-

302 4353 450 4418 data
492 4353 558 4418 in
604 4372 824 4419 vanam
871 4353 1351 4419 ostentationem
1396 4354 1854 4432 convertantur,
1896 4372 2048 4419 neve
2079 4353 2308 4419 abusus
2338 4353 2783 4437 cujuscumque

305 4457 551 4542 generis
593 4460 820 4523 sensim
865 4459 1161 4541 irrepant,
1210 4458 1360 4523 haec
1407 4457 1783 4523 observanda
1831 4457 2246 4523 decernimus:

509 4562 561 4626 Ι.
651 4562 882 4629 Curent
927 4563 1265 4629 familiares
1310 4561 1616 4642 defuncti,
1681 4564 1755 4627 ut
1807 4560 2146 4645 composito
2182 4562 2487 4643 ‘cadavere
2528 4578 2603 4627 ea
2648 4580 2783 4628 mo-
