3050 4859
297 234 389 290 Card.
411 236 550 303 Arettep.
572 233 671 288 Coloe,
691 234 784 289 lustr.
803 250 861 303 pro
881 234 1234 289 Vico-Archt-Diacorria.
1321 215 1386 281 287

141 409 270 496 tatoqne
293 425 363 472 enm
391 406 494 470 fructu
513 406 604 489 juxta
625 406 718 471 libros
740 405 942 471 scholasticos
965 424 1019 489 per
1041 404 1275 471 Ordinariatnm
1294 426 1385 490 prae·

142 513 274 596 scriptos
296 511 483 586 dooeantnr3
562 576 568 583 ,

247 616 302 681 5·o
316 617 352 680 ut
365 614 571 679 institutionis
583 614 705 697 tempus
718 612 861 678 adminns
873 615 903 678 8.
916 614 1073 679 mensibus
1084 633 1139 697 per
1150 632 1266 680 annum
1277 614 1385 694 duret3

248 720 302 784 6-o
323 720 360 783 ut
378 718 459 783 sacri
482 716 629 785 Curiones
646 737 701 782 cen
717 716 877 783 Scelerum
893 718 1079 798 Direetores,
1092 718 1169 785 item
1184 718 1277 784 Sedes
1290 717 1386 784 Scho-

144 822 366 889 larea-offieiis‘
379 821 484 887 sedulo
508 823 634 898 vacent;

248 928 301 991 7-0
322 928 358 991 00
380 926 532 992 Doeentes
552 925 741 1009 praescripto
767 926 944 991 habilitatis
970 926 1100 991 docendi
1118 927 1297 994 testimonio
1315 947 1386 1013 pro·

144 1030 201 1097 visi
234 1030 425 1115 juventutem
463 1028 680 1096 scholasticam
715 1032 802 1095 recta
837 1030 999 1108 methodo,
1034 1030 1248 1115 indefessoque
1271 1035 1384 1098 conatu

143 1135 311 1201 instituant
344 1136 437 1217 atque
470 1134 601 1201 educent
639 1134 777 1217 bonoque
815 1134 958 1201 fidelihus
991 1138 1024 1199 et
1053 1134 1213 1219 discipulis
1248 1136 1385 1221 exempld

146 1240 308 1322 praeeant3

248 1344 303 1407 8·o
326 1344 361 1407 nt
383 1341 526 1407 doctrina
548 1341 719 1425 Religionis
746 1343 779 1405 in
808 1324 933 1425 singula
961 1342 1067 1407 schola
1096 1343 1216 1408 duabus
1242 1344 1385 1411 adminus

145 1465 198 1529 per
221 1446 446 1511 hebdomadam
470 1445 553 1510 horis
576 1445 615 1509 ad
638 1446 764 1528 captum
783 1445 916 1528 prolium
932 1448 1129 1529 proponatur,
1152 1450 1385 1532 opportunaque

145 1549 247 1615 medie
268 1550 484 1629 adhibeantur,
507 1568 566 1633 qno
589 1550 689 1632 proles
711 1550 742 1613 in
765 1549 840 1633 pios,
862 1550 1013 1615 cordatos.
1037 1550 1192 1617 llcclesiae
1214 1552 1385 1620 catholicae

145 1653 357 1733 adhaerentes,
380 1654 496 1719 zelosos
513 1657 550 1718 et
573 1654 651 1719 hene
672 1655 808 1719 moratos
831 1654 970 1719 homines
993 1656 1186 1732 excrescant3

247 1759 302 1825 9-0
325 1759 359 1823 00
382 1757 534 1823 Doeentes
559 1776 692 1823 annnam
716 1772 804 1823 snam
827 1757 1012 1823 solutionem
1034 1758 1176 1823 ordinate
1197 1777 1317 1844 semper
1333 1778 1385 1824 ae-

143 1861 279 1945 cipiant;
1072 1874 1077 1891 ¹

248 1966 325 2030 100
349 1966 384 2029 00
404 1965 544 2031 aedificia
567 1965 752 2031 scholastica
774 1966 807 2029 in
834 1966 912 2031 bono
938 1967 1025 2031 statu
1051 1967 1268 2033 conserventur
1290 1968 1384 2051 atque

145 2068 333 2134 necessariae
356 2070 387 2133 in
410 2067 519 2134 iisdem
542 2069 785 2137 restaurationes
808 2056 977 2153 opportune
999 2072 1136 2155 tempore
1164 2070 1266 2136 debite
1289 2070 1407 2162 fiante

251 2173 327 2238 ll·o
350 2175 384 2238 nt
404 2173 575 2239 catholicus
596 2173 774 2239 scholarum
794 2174 1030 2239 elementarium
1052 2176 1213 2240 character
1235 2176 1383 2255 servetur,

143 2277 183 2357 et,
205 2268 258 2342 nbi
280 2294 356 2361 opus
379 2277 436 2357 est,
459 2276 544 2345 omni
566 2278 692 2343 meliore
715 2278 805 2343 modo
827 2278 1043 2344 revindicetur.
1395 2279 1398 2284 ’

246 2381 274 2465 5.
299 2382 351 2449 53.
382 2383 441 2447 Pro
464 2381 514 2447 his
529 2380 643 2447 finibus
659 2382 858 2466 assequendis
875 2381 1240 2449 llice-Archihiaoonns
1256 2386 1384 2449 cunctas
1423 2390 1426 2400 ’

144 2485 313 2551 Districtus
333 2485 381 2551 sui
402 2484 530 2551 Scholas
552 2486 683 2551 decursu
705 2486 842 2571 cujusvis
865 2486 937 2552 anni
958 2486 1100 2553 adminns
1120 2488 1234 2567 semel,
1256 2507 1291 2553 ex
1313 2507 1381 2572 pro·

144 2590 232 2668 tesso,
256 2587 451 2674 (praesertim
473 2591 610 2672 tempore
633 2590 821 2675 examinum)
844 2590 995 2656 visitabit.

246 2692 275 2777 ἕ.
298 2692 349 2758 54.
393 2691 558 2760 Occasione
592 2693 782 2759 visitationis
815 2694 990 2761 scholarum
1019 2695 1383 2763 vice-Archi-hiaoonns

142 2786 347 2865 attentionem
366 2816 455 2863 snam
478 2798 660 2880 praesertim
683 2798 722 2863 ad
746 2784 908 2882 sequentia
929 2798 1062 2884 diriget:

113 2922 117 2932 ⁴
247 2900 278 2979 al
300 2900 402 2982 Quum
425 2920 517 2967 sensn
539 2902 588 2987 §i
606 2903 657 2971 59.
681 2902 810 2987 legisa.
828 2903 913 2969 1868
928 2903 1054 2987 quaevis
1070 2902 1283 2972 Communitas
1298 2905 1383 2969 5000

143 3004 262 3069 animas
285 3023 449 3071 numerans
471 3006 664 3088 superiorem
682 3007 821 3073 aetolum
842 3006 1058 3075 elementarem
1075 3008 1194 3092 erigere
1209 3008 1382 3093 obligetur:

143 3109 219 3195 agat
241 3108 372 3191 agenda,
397 3128 456 3192 quo
477 3110 549 3177 hnic
571 3111 650 3195 legis
669 3111 826 3194 postulato
848 3130 909 3195 qno
931 3130 1024 3196 ocyus
1045 3111 1152 3177 debite
1172 3111 1315 3178 satisfiat.

246 3210 279 3297 b)
303 3210 416 3277 Sedulo
439 3212 581 3279 intendat
604 3215 635 3279 et
658 3233 794 3298 congrua
816 3216 901 3299 agat,
924 3218 961 3280 00
980 3214 1012 3279 in
1030 3214 1139 3298 quavis
1155 3214 1385 3281 communitate

142 3316 299 3381 occasione
329 3318 554 3401 segregationis
584 3320 764 3384 tenntornm
795 3318 850 3403 §o
881 3320 957 3385 300
987 3318 1066 3404 legis
1098 3317 1293 3386 conformiter
1322 3325 1383 3387 ter-

142 3440 252 3487 renam
273 3438 328 3503 pro
348 3420 462 3486 finibus
485 3420 678 3487 scholasticis
700 3422 908 3488 exscindetur.

246 3530 275 3609 0)
305 3522 445 3589 Aedificat
479 3523 664 3590 scholastica
696 3525 729 3590 in
761 3527 936 3609 praesentia
967 3525 1086 3611 aliquot
1117 3524 1206 3593 Sedis
1235 3526 1384 3592 scholaris

143 3628 349 3694 membrorum
372 3629 404 3692 in
425 3628 568 3694 omnibus
591 3630 654 3693 suis
677 3630 819 3713 partibus
843 3630 1010 3715 diligenter
1033 3629 1187 3716 inspiciet,
1211 3631 1384 3697 nisurusan

143 3733 221 3817 legis
246 3734 402 3816 postulato
426 3732 624 3799 conformiter
647 3734 812 3817 adaptata,
836 3735 951 3799 munda
980 3737 1012 3801 et
1034 3735 1065 3799 in
1087 3735 1166 3801 hono
1188 3736 1274 3801 statu
1296 3736 1384 3801 sint?

145 3836 327 3902 Defectnnm
358 3838 390 3902 in
421 3836 459 3903 iis
489 3840 591 3905 helors
619 3840 846 3906 occurrentium
872 3838 1129 3906 restaurationem
1153 3840 1290 3923 tempore
1313 3858 1383 3924 pro·

143 3941 275 4007 onrahit.

115 4075 121 4086 ,
188 4053 194 4063 '
245 4045 279 4130 d)
302 4045 462 4130 Dispieiet,
486 4066 526 4112 an
543 4046 655 4114 Schola
678 4048 799 4115 cunctis
814 4046 1011 4114 adminiculis
1026 4046 1190 4113 litterariis
1206 4045 1384 4130 (000000100-

143 4147 214 4232 noh)
237 4149 293 4233 §o
316 4149 367 4214 30.
389 4150 469 4234 legis
492 4151 690 4235 praescriptis
712 4152 816 4218 debite
838 4151 962 4237 prouisa
983 4152 1052 4217 sit?
1082 4150 1119 4216 In
1142 4168 1215 4216 casu
1238 4149 1383 4234 negativo
1507 4227 1508 4238 χ

144 4252 228 4336 agat,
251 4254 287 4318 ut
310 4254 416 4319 eadem
437 4273 530 4339 ocyus
550 4262 762 4341 procurentur.

247 4356 276 4441 e)
299 4354 440 4438 Resciat,
465 4378 503 4424 an
527 4359 673 4426 Ducentis
693 4361 805 4427 solutio
828 4359 975 4428 adcurate
998 4360 1031 4427 et
1049 4378 1104 4425 suo
1125 4361 1262 4442 tempore
1285 4356 1383 4424 exsol-

145 4458 257 4529 vatur?
283 4460 320 4525 In
343 4479 418 4527 casu
442 4463 650 4547 negligentiae
671 4466 877 4549 opportunum
900 4466 982 4531 ierat
1003 4463 1183 4531 remedium.

245 4564 271 4650 l)
295 4564 403 4648 Quoad
422 4566 568 4634 Ducentis
583 4586 746 4651 personam
760 4568 922 4656 invigilet:
947 4588 987 4635 an
1001 4565 1190 4652 praescripto
1206 4565 1383 4633 habilitatis
