3050 4859
332 244 370 299 K.
389 244 508 309 Brome,
531 242 597 297 Das
615 241 811 311 pauliniscbe
828 238 975 309 Privilep.
999 238 1021 291 l.
1044 238 1111 293 Cor.
1132 237 1194 292 VII.
1318 204 1386 283 '217

142 415 328 499 eigentliclre
353 414 631 499 llhedispensatiou
653 431 720 478 vom
747 411 853 477 Bandc
887 410 965 484 oder,
988 411 1055 476 eine
1086 408 1301 492 Dispensatiou
1329 431 1386 475 von

142 520 197 584 der
221 518 454 607 interpellation
484 518 537 581 des
568 518 610 581 im
637 516 823 601 Unglauben
848 514 1072 581 verharrendeu
1095 514 1211 579 Gutten
1234 495 1385 580 enthaltc.

142 624 205 689 Der
236 622 391 687 Verlasser
426 623 539 700 meist,
576 620 658 687 (liese
693 620 944 715 Const'tutiouen
975 618 1074 684 konne
1107 638 1164 683 nur
1199 612 1387 706 impetrastis

143 718 292 811 Meinung
325 727 356 791 in
391 727 461 790 ilem
492 726 640 792 letzteren
674 723 768 789 Sinue
798 724 949 789 erlrliren.
996 724 1086 789 Diese
1110 723 1325 809 Ansohauuug
1345 722 1388 787 ist

143 826 314 915 allerolings
336 830 407 895 sebr
430 830 489 895 viel
516 830 668 913 wbrdiger
691 828 738 895 als
754 817 804 894 dic
821 848 878 894 von
895 828 1057 906 Bellerini,
1073 827 1128 893 der
1142 846 1241 911 gegeu
1258 826 1362 893 Schrii
1377 866 1386 875 -

143 936 250 999 stellor
273 953 330 1000 von
354 934 407 998 der
430 933 615 1017 Bedentung
638 932 721 999 eines
744 932 874 999 Pontius
895 932 958 997 und
976 931 1125 997 Benedici
1141 932 1226 996 XlV.
1251 931 1300 996 die
1322 930 1387 996 kri·

143 1040 243 1103 tisohe
270 1038 464 1122 Bemerknng
487 1038 622 1121 zultssig
645 1036 728 1115 iani,
752 1034 825 1102 dass
851 1038 928 1102 nach
952 1036 1045 1101 deren
1062 1034 1311 1121 Vertheidiguug
1333 1035 1387 1099 der

145 1142 522 1209 bernelmum-Theona
545 1143 598 1207 der
622 1142 720 1225 Papst
735 1141 786 1206 die
801 1140 987 1207 locherliohe
1004 1140 1090 1205 Rolle
1105 1139 1212 1224 spiele,
1231 1159 1288 1204 von
1304 1139 1387 1204 einer

145 1246 376 1329 Interpellution
400 1266 436 1310 au
461 1245 671 1329 dispensiren,
702 1244 753 1310 dic
785 1244 871 1310 niobt
898 1245 1013 1310 ei'umal
1039 1241 1289 1329 miglichseil).
1334 1244 1387 1308 lu-

144 1349 251 1415 dessen
274 1350 352 1415 ltsst
374 1350 441 1415 sicli
464 1348 524 1416 mit
546 1349 679 1434 einigem
704 1349 831 1415 Grunde
851 1350 1053 1426 nachneisen,
1077 1348 1147 1414 dass
1170 1348 1220 1412 die
1244 1347 1310 1412 hier
1332 1347 1387 1411 ab·

144 1454 289 1536 gelelrute
311 1454 486 1538 llrlrlbruug
513 1452 567 1519 der
597 1436 774 1537 genennten
805 1453 1054 1520 Corrstitutioneu
1085 1452 1134 1517 die
1168 1453 1222 1515 des
1251 1442 1387 1534 heiligen

144 1556 269 1623 Stuhles
292 1559 392 1624 selber
414 1558 469 1624 sei.
516 1558 577 1622 Der
602 1558 760 1624 Wortlaut
783 1557 942 1623 derselben
965 1556 1009 1623 ist
1031 1553 1206 1643 folgender:

644 1696 724 1762 Pius
747 1697 837 1779 Papo
860 1698 894 1762 V.

516 1818 568 1904 Ad
592 1818 728 1883 loturam
753 1818 798 1882 rei
820 1820 1011 1883 memoriam
1144 1853 1147 1857 Δ

250 1940 400 2005 »Romani
417 1938 577 2005 Pontificis
594 1942 737 2023 sequaci
755 1939 979 2023 circumspecte
994 1938 1187 2021 procidentia
1204 1957 1241 2002 ue
1256 1956 1293 2003 ee
1308 1956 1386 2020 qnae

146 2062 200 2125 pro
222 2042 338 2107 salubri
361 2043 507 2109 Indorum
532 2042 650 2109 noviter
673 2044 711 2109 ud
734 2044 827 2109 fidem
850 2062 1064 2109 conversorum
1088 2042 1256 2108 directione
1273 2040 1386 2106 sanciri

145 2146 258 2211 debent
279 2149 312 2211 et
333 2148 494 2217 terminari
517 2147 649 2232 alicujus
673 2148 892 2229 haesitationis
907 2147 1051 2231 scrupulo
1068 2148 1260 2232 subjaceant,
1283 2145 1387 2210 decla-

145 2250 316 2317 rationibus
348 2252 382 2325 et,
412 2251 481 2315 aliis
511 2253 689 2334 opportunis
723 2252 882 2318 consuevit
913 2252 1071 2335 providere
1105 2251 1259 2317 remediis.
1309 2250 1385 2315 Cum
1509 2276 1513 2286 ·

144 2354 249 2437 itaque
276 2354 356 2419 sicul
386 2354 559 2437 accepimus
584 2355 668 2420 Indis
699 2358 730 2420 in
762 2376 819 2421 sua
847 2356 1033 2423 infidelitate
1065 2354 1266 2421 manentibus·
1283 2355 1387 2437 plures

144 2458 364 2541 permittentur
388 2478 510 2536 uxores,
542 2478 619 2543 quas
646 2460 704 2543 ipsi
727 2461 822 2524 etiam
846 2459 1010 2526 levissimis
1031 2460 1190 2525 decausis
1213 2459 1386 2541 repudiant,

144 2560 217 2627 hinc
238 2561 357 2627 factum
381 2565 428 2627 est
450 2563 531 2645 quod
555 2563 773 2645 recipientibus
791 2562 988 2647 Baptismum
1006 2564 1188 2648 permissum
1210 2564 1252 2627 sit
1267 2582 1387 2645 perma-

144 2684 217 2731 nere
239 2652 314 2733 cum¹
334 2684 370 2731 ea
392 2684 483 2731 uxore
505 2686 583 2749 quae
605 2667 699 2733 simul
721 2686 791 2733 cum
809 2668 920 2733 marito
936 2669 1094 2751 baptirata
1113 2668 1243 2746 exsistit,
1265 2666 1387 2749 etquis

145 2789 364 2853 saepenumero
387 2770 541 2855 contingit
564 2771 650 2837 illam
674 2792 733 2837 non
762 2791 828 2837 esse
856 2774 990 2855 primam
1021 2773 1182 2857 conjugem
1214 2771 1293 2836 uuile
1321 2774 1386 2835 tem

147 2873 282 2939 Ministri
302 2895 392 2958 quarn
418 2875 559 2958 Episcopi
582 2876 775 2959 gravissimis
793 2876 946 2960 scrupulis
960 2878 1153 2961 torquentur,
1174 2876 1387 2941 existimantes

145 2978 222 3046 illud
248 2998 304 3043 non
329 2998 394 3045 esse
418 2998 521 3044 uerum
546 2980 797 3058 matrimonium,
827 2981 881 3046 sed
911 2982 985 3066 quie
1012 2981 1211 3046 durissimum
1233 2982 1312 3045 esset
1334 2998 1385 3043 se·

145 3101 252 3165 parare
276 3101 327 3149 eos
350 3084 388 3147 ab
412 3084 555 3150 uxoribus
575 3085 780 3169 cum-quibus
802 3084 863 3170 ipsi
881 3085 952 3151 Iurli
973 3085 1162 3168 baptismum
1187 3083 1397 3167 susceperunt

145 3187 281 3251 montino
303 3188 377 3269 quio
399 3188 622 3269 difficillimum
641 3190 725 3270 foret
741 3192 883 3271 primum
899 3191 1057 3273 eonjopern
1071 3190 1218 3271 reperire,
1243 3189 1312 3252 ideo
1333 3204 1387 3252 nos

146 3289 244 3355 stetui
267 3289 420 3357 dictorum
443 3290 589 3355 Indorum
613 3296 739 3374 paterno
760 3293 874 3358 effectu
897 3293 1028 3377 benigne
1050 3294 1224 3369 consulere,
1248 3310 1284 3357 uo
1307 3292 1388 3373 ipsos

146 3394 311 3477 Episcopos
334 3395 365 3459 ot
386 3394 547 3461 Ministros
570 3396 609 3461 ab
626 3395 803 3480 hujusmodi
818 3398 971 3482 scrupulis
986 3398 1118 3461 eximere
1134 3398 1281 3474 volentes,
1300 3397 1387 3461 motu

146 3498 266 3582 proprio
289 3502 320 3565 et
344 3518 378 3566 er
401 3500 491 3563 certa
509 3499 638 3565 scientia
662 3502 767 3566 nostre
790 3520 826 3566 ac
849 3502 1044 3585 Apostolioee
1068 3503 1237 3568 Potestatis
1252 3500 1388 3584 plenitu-

146 3602 217 3667 dine
240 3605 276 3668 ut
305 3603 376 3667 ludi
396 3598 444 3669 'sic
467 3604 503 3668 ut
524 3604 738 3687 praemittitur
760 3605 911 3689 baptizati
935 3608 967 3672 et
988 3606 1018 3670 in
1045 3607 1184 3671 futurum
1209 3604 1387 3688 baptizandi

146 3726 216 3771 cum
239 3726 330 3773 uxore
352 3726 431 3791 quae
454 3727 523 3773 cum
547 3708 622 3791 ipsis
646 3710 804 3792 baptizate
825 3699 921 3775 tuerit
942 3712 974 3775 et
997 3710 1207 3794 baptizabitur
1230 3728 1388 3774 remanere

147 3810 281 3877 habeant
300 3813 450 3896 tanquam
474 3832 544 3877 cum
559 3813 702 3897 legitima
718 3832 820 3891 uxore,
836 3814 906 3880 aliis
923 3814 1069 3892 dimissis,
1089 3814 1267 3898 Apostolice
1281 3814 1388 3878 aucto-

145 3915 239 3980 ritate
251 3916 357 3981 tenore
372 3916 581 3997 praesentium
594 3917 795 3996 declaramus,
810 3905 1101 4003 matrimoniumque
1117 3918 1294 4002 hujusmodi
1306 3919 1388 3981 inter

147 4037 197 4083 eos
216 4019 357 4104 legitime
380 4018 555 4100 consistere,
580 4020 762 4107 sicquoper
784 4024 979 4107 quoscunque
998 4022 1126 4089 indices
1147 4024 1179 4089 et
1201 4022 1388 4110 Commissa·

147 4120 208 4186 rios
229 4123 336 4205 quavis
359 4124 546 4191 anctoritate
558 4125 742 4210 iungentes,
765 4126 890 4193 sublata
908 4128 951 4193 eis
968 4130 999 4193 et
1014 4146 1120 4192 eorum
1135 4126 1263 4192 cuilibet
1278 4122 1388 4208 quavis

148 4225 238 4290 aliter
264 4226 424 4310 judicandi
456 4230 489 4294 et
512 4228 735 4313 interpretandi
759 4232 911 4297 facultate
933 4234 969 4297 et
988 4232 1174 4298 auctoritate
1193 4228 1328 4314 judicari
1351 4248 1387 4293 nc

147 4328 276 4394 diffiniri
305 4331 415 4397 debere
445 4334 479 4403 et
506 4333 532 4397 si
558 4352 646 4399 secus
667 4353 759 4419 super
782 4335 873 4402 bisc
895 4354 1050 4421 quoquam
1073 4336 1181 4421 quavis
1201 4333 1387 4399 auctoritate

145 4592 161 4647 3
251 4506 566 4647 ll73qlurp-Bulterini,
586 4506 679 4563 Theoi.
696 4508 814 4564 Moralis.
834 4508 883 4564 llo.
893 4508 926 4566 V.
945 4510 1047 4566 Romae
1058 4510 1133 4565 1878.
1149 4508 1225 4565 Tem.
1237 4508 1274 4565 11.
1290 4526 1316 4564 u.
1327 4510 1386 4565 759.

146 4594 169 4647 ’.
189 4608 252 4663 pag.
324 4631 332 4646 .
350 4595 406 4648 not.
424 4611 449 4648 a.
