3050 4859
147 181 211 246 446
260 197 467 268 Verelnlqunq
485 211 548 252 vove
568 195 762 265 Biedcnleopf
779 201 832 250 erc.
854 199 911 250 mit
931 197 1074 251 Blatbum
1093 197 1244 268 Ltmbvrrp
1262 178 1369 262 (1882).

249 369 288 436 V.
334 367 515 451 Respective
544 373 649 432 autem
674 367 831 453 gaudeant
852 368 970 451 pariter
992 369 1023 432 et
1046 368 1106 433 frui
1130 369 1254 436 valeant
1276 367 1389 434 iisdem

141 475 273 560 juribus,
293 474 526 558 praerogativis,
551 473 717 552 favoribus,
740 475 862 558 gratiis,
885 475 1059 560 privilegiis
1076 476 1107 540 et
1123 474 1263 553 indultis,
1284 474 1390 556 publi-

145 579 249 664 cisque
271 578 407 662 cnjusvis
429 577 543 662 speciei
565 577 743 657 commodis,
771 579 882 661 quibus
905 580 999 646 ceteri
1025 579 1161 663 ejusdem
1186 579 1390 662 Episcopatus

144 681 377 767 Limbnvgensis
398 683 448 748 vel
468 682 631 749 Fuldensis
654 684 802 767 primaevi
827 683 1003 749 Diocaesani
1027 683 1164 768 gaudent
1185 683 1390 768 legitimeque

145 788 292 864 utuntur,
323 787 363 851 iis
392 785 608 852 tantummodo
630 787 782 870 exceptis,
813 807 891 870 quae
922 789 1049 872 speciali
1072 807 1107 852 ex
1130 787 1232 872 gratia
1254 786 1391 852 titulove

146 907 272 957 oneroso
294 889 453 972 impertita
475 890 591 956 fuerint
612 892 645 955 et
668 891 830 975 aequisita.

248 995 303 1062 VI.
349 995 495 1060 Jamverc
517 993 602 1060 bisce
625 995 717 1060 rebus
738 995 785 1060 ita
807 994 956 1062 ordinatis
973 997 1066 1078 atque
1084 995 1273 1074 constitutis,
1295 994 1391 1062 Sum·
1497 983 1507 1060 v

146 1118 214 1165 mus
241 1097 324 1164 idem
355 1099 495 1165 Pontifex
522 1098 630 1164 habita
660 1099 863 1182 peculiarium
897 1100 1201 1165 circumstantiarum
1234 1099 1389 1186 (animum

145 1224 236 1270 snum
257 1202 391 1288 benigne
414 1203 618 1287 moventium)
644 1203 764 1269 ratione
787 1203 897 1268 maluit
920 1204 1131 1269 favorabiliter
1153 1204 1327 1289 indulgere,
1351 1207 1392 1268 ut

146 1308 203 1373 hcc
225 1309 326 1392 ipsum
350 1306 460 1374 Sacrae
483 1307 738 1392 Congregationis
754 1307 1025 1374 consistorialibus
1049 1308 1181 1393 negotiis
1196 1309 1392 1392 praepositae

144 1413 311 1478 Decretum
334 1411 459 1495 perinde
482 1411 657 1478 habendum
680 1413 723 1477 sit
743 1395 904 1496 planeque'
917 1413 1104 1492 valiturum,
1136 1432 1172 1478 ac
1203 1413 1229 1478 si
1261 1415 1391 1480 litterae
1507 1457 1508 1504 q

145 1515 347 1601 apostolicae,
378 1516 497 1582 sivein
522 1519 620 1583 forma
642 1517 767 1596 Brevis,
797 1518 862 1584 sive
882 1518 938 1583 sub
961 1518 1086 1601 plumbo
1109 1518 1276 1585 solemnius
1299 1537 1391 1602 expe·

146 1622 232 1687 ditae
253 1621 396 1688 inissent.

250 1725 320 1792 VII.
365 1723 467 1806 Quum
497 1724 602 1807 itaque
632 1725 753 1792 isthaec
783 1727 886 1791 omnia
913 1729 943 1792 et
964 1727 1089 1812 singula
1112 1727 1242 1810 desuper
1263 1727 1391 1793 decreta

146 1829 232 1894 Sarna
251 1828 402 1894 Dominus
425 1829 539 1893 Noster
562 1830 622 1894 Leo
646 1831 728 1912 Papa
750 1831 841 1894 XIII.
873 1850 908 1895 ex
938 1832 1029 1914 plena
1059 1832 1209 1909 scientia,
1241 1834 1391 1914 motuque

145 1931 244 1998 veluti
275 1933 397 2026 proprio
429 1932 616 2013 sanciverit,
656 1934 838 2018 penitusque
877 1935 1072 2017 Apostolicae
1109 1935 1190 2001 Suae
1224 1937 1390 2020 potestatis

148 2037 335 2103 auctoritate
366 2037 475 2102 fulcire
498 2055 533 2101 ae
556 2038 698 2103 roborare
721 2039 871 2117 voluerit,
906 2039 990 2107 cavit
1023 2043 1136 2119 etiam,
1168 2060 1204 2105 ne
1234 2041 1391 2125 quispiam
1507 2069 1508 2074 ¹

146 2141 260 2207 audeat
283 2139 359 2206 haec
382 2141 446 2206 sive
467 2142 672 2226 obreptionis,
696 2143 760 2208 sive
783 2144 990 2228 subreptionis
1013 2144 1077 2209 sive
1100 2145 1228 2210 alterins
1251 2145 1392 2228 cujusvis

146 2246 259 2330 speciei
281 2246 357 2312 vitio
380 2247 429 2312 vel
451 2245 573 2312 deiectu
588 2249 705 2326 notare,
728 2247 917 2332 minimeque
933 2249 1114 2333 impugnare
1130 2251 1185 2314 aut
1202 2249 1391 2332 infringere3

146 2349 308 2416 contrariis
330 2350 563 2434 quibuscunque
586 2353 767 2436 neutiquam
788 2354 994 2431 obstantibus,
1018 2355 1067 2419 vel
1083 2354 1127 2419 eis
1149 2354 1304 2439 (quamvis
1320 2372 1392 2436 spe·
1506 2401 1508 2406 ,

146 2454 219 2520 ciali
241 2455 395 2522 mentione
415 2455 531 2541 dignis)
554 2456 594 2520 ad
616 2458 674 2524 hcc
695 2457 859 2523 dumtaxat
882 2478 966 2543 opus,
990 2459 1080 2524 illata
1103 2459 1229 2542 speciali
1251 2477 1308 2522 sna
1331 2457 1389 2524 do·
1498 2489 1502 2512 ε

146 2557 316 2645 rogatione.

250 2662 337 2732 VIII.
383 2661 502 2745 Quibus
532 2665 676 2730 omnibus
705 2668 736 2731 et
764 2666 898 2750 singulis
927 2667 972 2732 ita
1001 2667 1145 2746 sancitis,
1180 2667 1311 2751 dignata
1341 2670 1395 2732 est

145 2767 302 2834 Sanctitas
324 2765 388 2834 Sua
410 2769 443 2832 in
458 2769 635 2852 hujusmodi
649 2769 776 2836 Decreti
791 2771 1015 2855 Exeqnutorem
1032 2772 1180 2855 deputare
1200 2791 1290 2836 suum
1307 2772 1395 2854 apud

146 2870 277 2956 Regiam
306 2872 456 2938 Bavariae
487 2873 600 2939 Aulam
628 2875 782 2940 Nuntium
813 2876 973 2959 Aplicum,
1007 2876 1112 2942 oblata
1142 2876 1206 2959 Ipsi
1235 2878 1394 2958 potestate

145 2975 368 3059 subdelegandi
392 2976 431 3041 ad
453 2977 510 3042 hoc
531 2977 752 3062 expediendum
768 2979 927 3064 negotium
948 2981 1039 3046 aliam
1056 2982 1198 3046 idoneam
1215 2999 1393 3064 personam,

146 3080 177 3144 in
199 3081 409 3147 ecclesiastica
430 3101 539 3165 nempe
559 3082 714 3167 dignitate
736 3085 951 3165 constitutam,
975 3085 1165 3170 adjectisque
1187 3085 1311 3168 insuper
1337 3085 1391 3150 fa·
1505 3099 1507 3104 ’

145 3182 317 3251 cultatibus
338 3185 520 3281 necessariis
542 3189 574 3252 et
596 3189 784 3270 opportunis,
807 3190 842 3253 ut
864 3190 930 3273 ipse
953 3190 1120 3274 deputatus
1136 3189 1312 3272 Exequutcr
1333 3195 1394 3255 ant

145 3288 367 3372 subdelegatus
389 3290 494 3356 valeat
522 3292 673 3357 alteruter
696 3312 732 3358 ea
753 3294 910 3376 quaelibet
940 3294 1115 3374 declarare,
1147 3294 1305 3360 definitive
1332 3294 1392 3359 de·
1508 3279 1509 3294 ³

146 3411 279 3473 cernere,
302 3395 396 3478 atquc
416 3395 614 3476 constituere,
637 3398 725 3462 salva
747 3397 956 3482 dispositionis
972 3400 1157 3478 substantia,
1180 3417 1259 3485 quae
1274 3399 1312 3464 ad
1331 3401 1394 3466 hoc

145 3498 238 3580 probe
259 3496 451 3581 feliciterque
473 3499 693 3582 perficiendum
716 3520 792 3585 opus
815 3505 954 3585 oportere
970 3522 1005 3569 ae
1023 3504 1165 3588 expedire
1181 3505 1247 3572 visa
1261 3506 1391 3570 fuerint.

248 3601 305 3668 IX.
350 3603 395 3667 At
415 3603 499 3669 enim
519 3604 668 3689 imposuit
690 3606 931 3690 obligationem,
961 3610 997 3673 ut
1026 3609 1120 3676 simul
1149 3629 1186 3674 ac
1217 3610 1309 3675 fuerit
1332 3610 1393 3675 hoe

145 3705 304 3770 decretum
334 3707 530 3790 exequutioni
556 3709 756 3789 mandatnm,
789 3713 863 3776 tunc
894 3712 972 3777 illud
1002 3712 1085 3778 intra
1113 3716 1175 3779 tres
1205 3733 1326 3780 menses
1350 3715 1393 3779 ab

145 3809 266 3893 expleta
287 3811 488 3894 exequutione
509 3813 676 3898 diligenter
697 3814 737 3879 ad
758 3815 859 3898 ipsam
882 3818 1022 3881 sanctam
1037 3815 1146 3883 Sedem
1166 3837 1219 3901 per
1239 3818 1392 3884 consiste-

143 3914 253 3980 rialem
285 3915 364 3980 banc
393 3914 598 3983 Secretariam
627 3915 864 3985 transmittatur
893 3921 1049 4005 exemplar
1080 3923 1260 3989 authentica
1290 3923 1392 3989 forma

144 4020 304 4085 exaratum
325 4019 458 4104 ejusmet
479 4020 605 4089 Decreti
627 4024 881 4108 exequutorialis,
913 4027 949 4090 ut
981 4025 1018 4090 ad
1048 4030 1230 4110 perpetuam
1256 4028 1302 4092 rei
1324 4047 1392 4093 me-

144 4123 275 4189 moriam
304 4125 337 4190 et
361 4124 589 4192 observantiam
617 4128 651 4193 in
678 4128 824 4196 Archivio
847 4129 1005 4214 hujusmet
1027 4117 1210 4199 secretariae
1229 4131 1387 4199 Consiste·

144 4227 234 4294 rialis
257 4227 295 4293 de
318 4247 403 4294 more
427 4230 584 4298 custodiat
623 4285 630 4300 .

249 4332 366 4398 Datum
389 4333 505 4400 Rornae
528 4335 586 4401 hac
609 4337 659 4402 die
682 4338 734 4405 27.
756 4337 835 4422 Maji
859 4341 947 4404 Anno
971 4340 1098 4405 Domini
1121 4340 1214 4407 1882.

300 4434 472 4502 concordat
488 4457 556 4504 cum
574 4440 717 4525 originali
732 4441 765 4505 in
782 4440 861 4507 actis
876 4441 908 4509 S.
925 4434 1184 4528 (lengr'Oonsist.
1201 4449 1369 4512 asservato.

355 4539 402 4626 (L.
419 4538 467 4627 S.)
709 4545 790 4631 sign.
815 4546 987 4614 Canonicus
1008 4549 1084 4616 Peri
1106 4569 1125 4615 a
1147 4549 1282 4619 secretis,
1321 4639 1325 4643 ι

1500 4075 1509 4138 l

1502 4405 1509 4646 l
