3050 4859
266 158 327 211 Leo
347 156 431 210 XIII.
457 154 503 207 De
522 156 680 208 constitut.
699 156 808 222 synod.
830 157 958 208 dioeces.
976 154 1106 223 Neapol.
1124 170 1153 207 a.
1173 152 1257 205 1882.
1322 134 1383 197 125

138 328 348 415 conspexisses
371 326 481 404 oculis,
513 325 678 391 notamen
709 327 741 390 te
770 325 929 409 religionis
951 326 984 390 et
1007 324 1179 389 animarum
1211 325 1288 390 bono
1315 343 1385 407 pro·

138 436 320 521 specterum
340 428 406 496 ulla
430 430 551 513 fugeret
574 429 640 512 ejus
663 430 842 508 necessitas,
865 449 919 514 per
942 428 1080 512 publicas
1118 428 1316 495 invitationes
1346 426 1385 491 ab

138 537 284 604 omnibus
303 534 495 620 exquisivisti
513 534 704 616 peculiorum
727 553 831 597 rerum
859 531 1020 611 notitiam,
1057 530 1089 597 et
1115 551 1193 616 quae
1224 550 1386 615 acceperas

137 641 315 719 contulisti,
337 640 371 704 in
393 638 524 724 praeviis
540 636 841 721 congregationibus,
864 657 933 702 cum
957 636 1025 721 piis,
1038 636 1251 720 prudentibus,
1269 636 1384 701 doctis·

138 766 200 831 que
222 745 307 823 viris,
327 762 403 827 quos
427 742 466 806 ad
481 740 568 807 varia
581 740 685 806 officia
698 740 729 807 in
742 741 864 827 Synodo
880 740 1021 806 obeunda
1040 738 1198 825 eligendos
1214 759 1385 818 censueras,

139 853 177 915 ut
200 868 306 915 eorum
329 844 537 930 disquisitioni
560 845 709 928 subjecta,
727 845 882 911 communi
898 843 1025 910 consilio
1041 844 1096 909 illa
1111 844 1234 909 decerni
1250 846 1384 927 possent,

121 974 221 1038 ¹qnae
244 950 444 1035 opportunius
464 952 497 1017 et
524 950 633 1015 utilius
663 949 875 1015 convocandae
898 946 1019 1034 Synodo
1048 949 1243 1032 proponenda
1274 948 1384 1013 forent.

139 1059 249 1141 anue
278 1074 384 1140 reapse
412 1054 578 1139 prudentia
611 1054 698 1119 fuisti
733 1054 907 1133 essecutus,
943 1055 979 1117 nt
1012 1052 1161 1137 quidquid
1195 1052 1386 1137 propositum

139 1160 338 1238 deludebat,
360 1159 570 1225 consentiente
585 1159 722 1223 omnium
743 1157 901 1241 suffragio,
924 1157 1017 1223 luerit
1032 1158 1207 1241 probatum,
1230 1175 1385 1240 novusque

138 1266 187 1332 sic
205 1264 352 1330 stimulus
375 1263 502 1329 additus
524 1262 624 1341 Claro,
645 1262 684 1327 ad
704 1282 741 1329 ea
762 1261 905 1327 facienda
926 1280 1004 1345 quae
1025 1262 1206 1345 placuerant
1224 1260 1383 1327 universis.

140 1370 200 1437 Oui
228 1368 352 1452 quidem
385 1366 541 1433 efficaciae
569 1366 761 1433 inducendae
796 1386 855 1432 non
890 1365 1011 1431 inutilis
1044 1366 1140 1431 etiam
1171 1364 1302 1431 fortasse
1325 1364 1385 1429 tuit

140 1473 333 1539 extrinsecus
353 1471 418 1555 ipse
440 1469 623 1554 splendidus
646 1470 828 1554 apparatus,
855 1488 915 1554 quo
946 1488 1049 1535 sacros
1070 1471 1176 1535 coetus
1197 1468 1305 1535 haberi
1327 1488 1384 1535 cu·

139 1577 237 1659 rasti3
264 1576 316 1660 qui
338 1574 431 1641 sicuti
453 1576 594 1641 sensibus
616 1574 840 1659 quodammodo
868 1572 1001 1658 subjecit
1027 1574 1072 1639 111
1103 1573 1307 1657 gravitatem,
1339 1572 1384 1639 sic

65 1762 69 1766 ‚
140 1680 319 1747 voluntates
349 1699 469 1763 qaoque
500 1679 634 1746 validius
656 1679 807 1745 inclinare
830 1678 938 1745 debuit
959 1678 991 1743 in
1016 1678 1207 1743 decretorum
1231 1678 1384 1743 executio·

140 1804 222 1851 nem.
255 1784 493 1849 laestissimam
514 1783 621 1867 itaque
643 1784 707 1848 Nos
727 1783 792 1849 illis
814 1784 988 1849 ominamur
1010 1783 1144 1859 exitum3
1169 1782 1384 1865 copiosamque

138 1887 353 1955 sollecitndiui
368 1888 453 1953 Tuae
467 1887 623 1953 Pastorali
645 1906 681 1953 ac
702 1886 862 1953 laboribus
885 1887 1020 1973 gratiam
1045 1906 1063 1951 a
1084 1886 1148 1950 Deo
1171 1885 1383 1969 adprecantes,

139 1992 265 2076 superni
286 1992 401 2059 1111111
423 1993 580 2075 auspicem
601 1992 634 2056 et
655 1992 837 2075 praecipuae
859 1992 992 2057 Nostrae
1016 1989 1248 2063 benevolentiae
1270 1990 1383 2055 testem

140 2097 352 2180 apostolicam
378 2096 627 2162 Benedictionem
653 2096 730 2175 tibi,
764 2094 959 2161 Venerabilis
993 2096 1120 2173 Frater,
1154 2094 1297 2159 omnibus
1327 2093 1380 2177 qui

137 2203 244 2267 tecum
277 2199 399 2285 synodo
430 2200 583 2265 dederunt
613 2218 755 2284 operam,
789 2200 991 2283 universoque
1021 2198 1111 2265 Glero
1140 2200 1173 2289 et
1194 2198 1307 2282 populo
1329 2199 1384 2263 tuo
1429 2272 1430 2275 Ἴ
1498 2256 1522 2267 ,,

138 2306 338 2388 peramanter
357 2304 562 2387 impertimus.
592 2304 707 2368 Datum
735 2304 862 2382 Romae,
887 2304 966 2387 apud
986 2302 1019 2369 S.
1044 2304 1183 2381 Petrum,
1207 2302 1303 2369 (1112.
1321 2300 1383 2367 Oc·

137 2408 239 2475 tobris
262 2408 355 2473 1882.
404 2408 607 2473 Pontificatus
629 2408 737 2474 Nostri
759 2407 848 2475 Anno
868 2406 993 2489 Quinto.

828 2596 832 2605 .
898 2543 902 2559 ·
990 2512 1055 2577 Lao
1079 2511 1147 2577 ΡΡ.
1174 2510 1278 2577 XIII.

611 2614 788 2681 Venerabili
812 2615 916 2681 Fratri
962 2657 965 2665 -

458 2718 658 2804 idula‘elmo
682 2720 826 2803 Archiep.
850 2719 1064 2803 Neapolitano.

1050 2824 1225 2905 Neapolim.

243 2978 415 3063 Appositis
427 2978 697 3061 Documentomm,
714 2999 792 3063 quae
807 2980 840 3052 in
852 2980 983 3046 decretis
995 2980 1099 3065 synod.
1114 2979 1242 3063 Neapol.
1254 2978 1383 3045 laudata

137 3085 213 3148 sunt
236 3083 375 3148 continet
397 3084 578 3166 sequentia:

180 3189 210 3253 I.
247 3188 280 3254 S.
297 3187 338 3252 R.
354 3186 478 3269 laquis.
496 3187 628 3271 Ibacpcl.
648 3189 679 3254 d.
692 3189 722 3255 d.
738 3193 791 3256 30.
807 3188 895 3255 Juru
910 3190 997 3255 1856
1015 3186 1166 3253 aduersas
1181 3188 1381 3271 moytacismi

294 3289 650 3377 attemperanda
669 3292 729 3358 rol.
752 3294 784 3358 4.
807 3313 838 3376 p
861 3293 950 3377 242).

173 3428 226 3495 II.
262 3426 426 3495 uaeas
451 3429 494 3494 R.
517 3429 691 3497 Poeaioeat'
666 3432 782 3496 taurica
801 3432 965 3513 proposatu
986 3432 1184 3514 ejusdemque
1204 3451 1355 3562 respousa

571 3535 602 3600 d
616 3535 647 3599 d
671 3541 722 3603 10
747 3534 823 3601 Dec
850 3539 955 3602 1860.-

245 3655 273 3721 1.
306 3654 355 3718 An
378 3654 472 3720 liceat
490 3655 640 3739 hymnum
658 3658 700 3723 Te
714 3656 820 3723 Deam
834 3676 943 3723 canere
960 3656 1117 3723 occasione
1132 3656 1383 3740 proclamationis

136 3757 253 3822 intrusi
277 3756 435 3837 Gubernii,
459 3758 514 3823 aut
536 3758 597 3824 alio
620 3759 716 3825 simili
736 3762 872 3837 eventu?

245 3862 283 3929 R.
331 3861 535 3945 ›Negative‹

242 3967 273 4033 2
320 3966 401 4030 An
392 3986 425 4031 m
447 3966 545 4032 ldissa
567 3965 698 4051 aliisque
720 3969 817 4033 sacris
833 3970 1042 4035 functionibus
1057 3971 1135 4038 11111
1136 3970 1295 4055 arrpossit
1311 3970 1382 4037 Col-

135 4069 220 4135 lecta
236 4090 299 4151 pro
320 4069 415 4153 Repe,
438 4070 560 4154 quando
581 4072 652 4137 ab
644 4091 785 4144 invasore
807 4072 963 4141 Gubernio
986 4074 1148 4141 edicatur?

243 4173 281 4239 lt.
329 4161 532 4259 ›Negalive‹

201 4302 207 4307 ·
244 4279 274 4342 3.
320 4278 369 4343 An
391 4278 487 4344 liceat
510 4279 666 4363 cooperari
688 4280 840 4346 functioni
864 4282 1029 4367 religiosae
1058 4275 1180 4366 legibus
1210 4282 1381 4367 subalpinis

135 4381 351 4467 expostulatae
375 4382 424 4448 die
447 4384 655 4449 anniversaria
678 4382 826 4451 Statuti?

243 4487 281 4551 R.
330 4486 534 4571 »Negative.‹
