3050 4859
285 184 375 238 Garri.
397 182 533 250 rtrcbtep.
553 180 651 236 Coloe.
670 182 762 271 lustr.
782 198 840 249 pro
862 173 1215 237 vvcc-'Arcua-ucacoass.
1304 144 1377 229 281v

127 355 206 421 serio
222 343 456 436 commonendi.)
484 354 563 417 Acta
585 350 732 418 Notarius
753 352 965 417 Districtualis
986 352 1019 415 in
1041 353 1180 418 chartam
1197 353 1279 419 dorni
1294 373 1367 422 eon-

123 459 221 544 jiciet,
247 459 278 523 et
299 457 506 523 Protocollum
530 456 708 539 hujusmodi
731 456 911 539 priusquam
934 456 972 520 ad
990 476 1100 539 purum
1116 456 1317 536 describatur,
1337 458 1370 524 et

127 563 236 628 Officio
259 562 447 625 Dioecesauo
468 561 658 638 exhibeatur,
683 560 824 625 Praesidi
846 579 901 643 pro
925 560 1075 625 revisione
1090 561 1276 627 substernet.
1301 562 1369 626 Hu-

125 668 176 749 jus
199 666 259 731 erit
282 666 489 730 Protocollum
511 664 640 747 probare
663 664 711 728 vel
734 664 897 744 corrigere.
922 701 961 709 —
986 664 1077 746 Quod
1098 666 1173 730 dcta
1195 664 1231 731 ia
1249 666 1370 747 duplici

128 770 265 851 cacrcpto
294 776 321 835 et
350 770 573 835 colamncrctcr
595 788 614 832 a
637 768 766 833 Notario
793 768 991 833 Districtuali
1020 768 1208 851 descriptum
1238 771 1271 833 et
1295 769 1369 833 snb-

128 873 293 957 scriptione
315 892 370 937 sua
393 892 428 937 ac
452 872 691 937 V.·A.-Diaconi
722 873 882 955 signatum
913 872 952 935 ad
982 872 1125 937 Officium
1148 874 1367 939 Dioecesanum

129 978 227 1043 medio
250 976 386 1061 ejusdem
407 976 651 1055 V.-A.·Diaconi
674 978 901 1059 transponetnr,
925 975 1047 1041 nonnisi
1067 977 1120 1040 ubi
1140 976 1243 1041 officii
1263 976 1367 1043 Dioeo.

128 1080 338 1147 Resolutiones
374 1082 574 1157 emanarunt,
623 1080 819 1145 Districtuali
852 1081 962 1161 Libro,
985 1099 1048 1158 una
1088 1100 1157 1158 cum
1193 1079 1243 1145 his
1284 1082 1366 1145 inse-

128 1185 267 1251 rendum.
1377 1193 1380 1197 ’

230 1306 257 1390 §-
282 1304 332 1371 31.
365 1291 466 1370 Omni
480 1306 584 1370 autem
607 1305 710 1370 studio
734 1307 843 1371 curent
866 1305 1232 1385 Vise-Arcbi-Diaconi,
1252 1306 1288 1370 ut
1313 1306 1368 1371 bo·

127 1429 195 1475 rum
225 1409 437 1476 conventuum
460 1410 568 1492 pietas,
593 1410 742 1493 gravitas,
768 1411 801 1474 et
823 1410 965 1475 decentia
987 1410 1108 1475 cunctis
1132 1410 1293 1475 Fratribus
1314 1430 1370 1493 po·

127 1513 192 1595 puli
212 1513 313 1578 fidelis
334 1512 477 1605 conciliet
501 1514 747 1591 venerationem
779 1516 909 1579 caveant
941 1513 1067 1597 proinde
1091 1533 1129 1577 ne
1151 1514 1368 1581 commercium

128 1618 184 1681 hoc
208 1618 372 1695 scientiae,
394 1617 477 1704 seli,
510 1619 541 1682 et
569 1616 731 1681 charitatis
754 1618 787 1682 in
811 1620 993 1683 conventum
1018 1618 1162 1682 licentiae
1184 1620 1217 1682 et
1237 1618 1369 1700 dissipa-

128 1720 220 1786 tionis
244 1722 415 1805 degeneret.
437 1759 479 1767 -
502 1720 614 1785 Omnia
634 1719 677 1785 ibi
700 1722 781 1785 seria
802 1722 882 1800 sint,
918 1722 964 1786 uti
999 1724 1106 1786 sancta
1138 1723 1212 1787 sunt
1241 1720 1368 1798 motiva,

127 1826 249 1907 propter
272 1844 349 1907 quae
373 1826 496 1889 Fratres
518 1827 734 1904 convenerunt,
755 1826 892 1909 fiantque
913 1825 1003 1890 aedes
1026 1826 1237 1891 Conventuum
1259 1826 1387 1892 borum

128 1948 239 1993 novum
262 1929 359 1994 veluti
383 1928 413 1995 S.
435 1927 662 2007 caenaculum,
694 1930 775 1994 unde
795 1950 900 1995 omnes
924 1929 1043 1995 nonnisi
1069 1948 1145 1996 novo
1167 1930 1240 2013 igne
1262 1930 1295 1993 et
1316 1947 1367 1993 ar·

129 2031 260 2097 dentiori
292 2051 346 2115 pro
376 2032 477 2097 salute
505 2034 676 2099 animarum
709 2034 773 2098 zelo
805 2034 934 2118 repleti,
967 2034 1052 2098 velut
1074 2034 1205 2099 totidem
1231 2032 1369 2116 Apostoli

127 2137 245 2201 exeant.
269 2174 302 2182 -—
330 2136 443 2201 Omnia
464 2138 508 2201 ibi
528 2138 735 2221 majestatem,
760 2139 1014 2217 recollectionem,
1037 2140 1068 2204 et
1091 2136 1369 2203 memoriam-Oun-

129 2241 276 2305 ventuum
299 2240 467 2323 primorum
490 2241 652 2325 Evangelii
674 2242 887 2309 Ministrorum
908 2244 1035 2327 spirent.

400 2465 534 2569 flluput.
558 2467 581 2533 l
584 2467 617 2532 V.
653 2466 704 2533 De
725 2468 904 2534 uisitatione
928 2468 1072 2535 Privato.

230 2621 259 2705 ξ.
281 2623 333 2689 32.
367 2622 543 2687 Necessitas
567 2624 704 2707 privatae
728 2626 823 2690 etiarn
846 2625 1034 2691 visitationis
1055 2624 1170 2709 partim
1192 2625 1304 2689 abinde
1319 2644 1368 2689 re-

127 2724 258 2807 petenda
281 2728 345 2805 est,
369 2728 449 2809 quod
472 2728 609 2792 adversis
633 2728 680 2793 bis
702 2729 911 2811 temporibus,
935 2709 1047 2813 quibus
1067 2729 1204 2794 Ecclesia
1228 2728 1368 2822 novisuin

127 2828 192 2893 dies
212 2848 247 2893 ac
269 2830 429 2909 inusitatis
453 2833 609 2897 exercetur
633 2833 911 2911 colluctationibus,
934 2834 1057 2899 Fratres
1075 2822 1292 2899 Districtuales
1308 2833 1369 2916 fre·

127 2933 297 3015 quentioris
319 2934 408 3000 facile
432 2934 531 3019 indigi
553 2936 630 3001 fiant
652 2936 842 3016 inviatiouis,
875 2939 996 3003 consilii
1018 2940 1050 3004 et
1074 2937 1369 3012 consolationis,—

127 3036 240 3117 psrtim
260 3038 365 3117 etiam,
389 3037 468 3121 quod
492 3040 650 3105 occasione
674 3060 795 3107 annuae
818 3042 972 3107 officiosae
988 3042 1183 3107 visitationis
1202 3039 1368 3117 venrani-

129 3140 302 3205 Diaooualis
326 3142 462 3207 defectus
486 3144 517 3207 et
540 3146 642 3208 errata
664 3144 799 3210 sollicite
821 3146 887 3230 tegi
910 3146 1037 3228 possint,
1061 3144 1224 3229 quominus
1244 3143 1283 3208 ad
1297 3144 1367 3208 illo-

127 3262 195 3309 rum
219 3242 425 3327 coguitionem
448 3246 578 3311 visitans
603 3249 873 3315 V.·A.·Diacouus
903 3249 1045 3314 devenire
1074 3249 1177 3331 queat.
1202 3284 1239 3295 -
1265 3246 1367 3329 Quare

232 3365 260 3449 ἓ.
283 3366 335 3429 33.
372 3367 415 3432 Ut
441 3368 709 3436 V.·A.·Diaconus
737 3390 799 3453 qua
828 3370 954 3435 consilio
983 3372 1015 3436 et
1048 3370 1273 3448 consolatione,
1304 3390 1368 3453 qua

127 3468 222 3533 etiam
245 3469 449 3536 obtestatione
473 3473 504 3536 et
527 3473 642 3538 monito
665 3472 827 3538 Fratribus
856 3475 962 3539 adesse
991 3476 1107 3557 possit,
1137 3493 1197 3539 non
1228 3473 1368 3559 negliget

128 3573 259 3638 Fosdem
283 3574 382 3638 nelors
405 3574 443 3640 ab
467 3576 537 3640 aliis
560 3576 619 3641 sibi
643 3576 853 3657 insimulatos,
884 3599 937 3661 pro
962 3599 995 3643 re
1024 3581 1099 3645 nata
1121 3575 1215 3645 etiam
1244 3578 1284 3643 ab
1307 3578 1366 3643 im-

126 3678 247 3761 proviso
265 3677 402 3758 visitare,
426 3679 472 3743 ita
496 3681 703 3747 excursionem
726 3700 814 3746 suam
837 3682 1015 3761 adornatus,
1038 3685 1073 3747 ut
1088 3682 1228 3750 delectus
1242 3682 1367 3765 propius

127 3782 256 3865 experiri
279 3781 310 3847 et
332 3781 416 3848 malo
444 3784 475 3848 in
498 3785 602 3850 radice
626 3785 779 3850 medelam
802 3786 949 3851 adhibere
972 3787 1077 3869 possit.
1122 3786 1157 3850 Id
1181 3806 1254 3851 sane
1275 3786 1363 3851 Dioe·

126 3904 253 3951 cesenae
265 3885 541 3954 Constitutionesa
561 3888 908 3956 Viae-Archi·l)iaconis
931 3892 1068 3976 exigunt,
1093 3891 1167 3955 dum
1190 3891 1365 3975 disponunt,

127 3991 161 4052 ut
183 3988 293 4054 (lassas
310 3990 523 4057 'Ecclesiarum
550 3994 672 4076 saepius
702 4012 755 4077 per
786 4014 920 4071 annum,
952 3996 984 4058 et
1014 3995 1053 4060 ab
1083 3996 1239 4079 insperato
1269 3995 1366 4059 etiam

127 4092 269 4190 visitent,
303 4096 382 4178 quod
415 4096 571 4163 occasione
604 4098 744 4179 privatas
779 4098 965 4164 visitationis
996 4098 1141 4164 Fratrum
1172 4118 1264 4183 quam
1294 4116 1366 4163 cou-

126 4195 344 4280 gruentissime
367 4200 489 4285 exsequi
510 4203 664 4283 poterunt.
711 4202 817 4267 Poscit
840 4202 973 4286 idipsum
1002 4222 1038 4267 ea
1060 4204 1155 4269 etiam
1177 4201 1365 4267 V.·A.-Dia-

126 4318 271 4365 cenorum
293 4301 385 4392 oflicii¹
407 4304 504 4383 ratio,
528 4324 589 4388 qua
611 4305 718 4370 oculus
741 4306 879 4373 Praelati
901 4307 1117 4386 nominantur,
1144 4308 1176 4372 et
1203 4325 1269 4371 esse
1289 4325 1364 4390 quo-

126 4422 184 4489 que
207 4404 329 4472 debent.
