3050 4859
130 175 197 244 286
283 192 372 247 Gard.
391 192 533 263 Arcbiep.
555 190 653 247 Coloe.
674 192 767 245 lacsir.
786 206 845 259 pro
863 163 1217 247 Vico-Arcbt-Dtoeonta.

130 364 192 430 sori
215 365 361 429 damnum
392 366 532 429 creatum
561 364 654 431 fuisso
683 363 910 442 observaverit,
942 364 981 429 de
1011 364 1068 431 boc
1094 362 1243 429 Officium
1266 362 1371 436 Dioec.

129 470 312 552 tempestive
334 468 491 548 edocebit,
524 488 584 551 quo
614 468 797 551 perillum,
829 467 918 550 cujus
947 466 1039 550 culpa
1064 467 1212 536 damnum
1235 468 1372 545 emersit,

129 573 295 639 restitutio
310 572 357 639 vel
378 574 538 638 resarcitio
564 572 705 639 metenda
736 572 877 649 decerni,
908 573 939 636 et
971 590 1065 656 ocyus
1094 571 1219 637 effectui
1250 570 1369 637 manci-

129 677 197 761 pari
218 675 327 759 possit.

231 798 260 881 ἕ.
281 798 333 864 49.
370 798 427 863 Ηιι
449 797 671 880 praesusceptis
694 798 814 862 statuto
843 816 896 879 pro
923 796 1113 861 solemnibus
1143 785 1372 861 Iustallationis

129 902 179 967 die
201 902 250 967 vel
272 901 364 980 festo,
398 902 446 966 vel
469 919 487 965 a
509 900 667 965 laboribus
689 900 846 965 ruralibus
869 900 965 965 libero
984 900 1017 964 in
1038 900 1213 982 praeseutia
1235 900 1372 981 Reprae-

129 1006 281 1071 sentantis
303 1006 508 1084 Patrensibus,
533 1005 705 1069 Primorum
728 1004 986 1083 communitatis,
1011 1009 1043 1069 et
1062 1005 1167 1087 populi
1189 1003 1289 1069 fidelis
1311 1002 1373 1067 ire·

15 1099 17 1103 ’
130 1110 256 1193 quentia
286 1108 648 1174 Vico-Archi·l)iaconus
681 1108 810 1191 pluviali
841 1107 968 1173 indutus
998 1126 1137 1177 sermone
1165 1107 1372 1184 accommodo,

129 1214 213 1280 iacta
235 1213 482 1279 concernentium
506 1212 785 1277 Instrumentorum
816 1213 1022 1278 liberariorum
1052 1212 1169 1295 linguis
1198 1212 1372 1277 vernaculis

128 1318 277 1401 publicet
269 1336 337 1383 rone
356 1319 387 1383 ιι
402 1314 612 1402 symbolorum
631 1316 797 1399 potestatis
812 1316 998 1400 parochialis
1013 1316 1137 1399 publica
1152 1316 1371 1399 resignatione,

129 1422 287 1488 Neocurat
288 1441 339 1486 um
362 1423 395 1486 in
415 1420 519 1505 juset
541 1419 762 1503 proprietatem
787 1420 919 1534 benigne
941 1420 1001 1485 sibi
1025 1420 1131 1486 collati
1156 1419 1302 1487 Beneficii
1322 1438 1373 1484 so·

130 1526 274 1593 lemuiter
295 1524 482 1590 introducat.

235 1647 262 1730 ξ.
286 1648 339 1713 50,
372 1646 561 1712 Divisionem
576 1647 781 1730 proventuum
796 1646 879 1710 inter
894 1648 1003 1712 mutuo
1022 1647 1221 1713 succedentes
1241 1645 1337 1711 (iurat
1323 1647 1372 1711 tos

129 1753 216 1837 juxta
238 1750 451 1835 praevigeutia
474 1752 601 1815 eatenus
631 1751 752 1832 statuta
782 1749 964 1815 dioecesana
995 1752 1133 1816 confecto
1148 1750 1293 1834 ‚desuper
1318 1751 1373 1816 In·

131 1844 313 1935 strumento,
336 1874 393 1920 sua
416 1857 447 1920 et
469 1856 632 1940 utriusque
655 1854 918 1920 condividentium
942 1854 1176 1937 subscriptione,
1199 1874 1236 1920 ac
1258 1854 1372 1938 sigillis
1395 1887 1398 1888 ν

132 1956 260 2039 munito,
284 1959 429 2025 instituet
453 1978 489 2024 ac
512 1958 549 2023 de
571 1959 637 2024 toto
659 1961 730 2023 actu
754 1961 786 2024 et
808 1958 886 2023 serie
908 1958 1135 2024 Installationis
1153 1958 1262 2025 Officio
1279 1959 1370 2023 Dice·

131 2082 241 2129 cesano
261 2062 443 2129 relationem
465 2050 646 2145 praestabit

133 2235 234 2319 capot
254 2235 329 2302 VII.
364 2234 415 2301 De
437 2234 548 2317 Officio
569 2234 657 2302 Vice-
661 2234 932 2315 Arcttntccoot,
953 2258 1016 2319 quo
1031 2237 1226 2318 inspectores
1241 2236 1371 2304 Sebela-

87 2342 88 2345 ’
576 2360 648 2405 roae
667 2339 925 2407 Ειιιιιιιιιιιιιι.

234 2478 262 2563 ἕ.
285 2478 336 2543 51.
372 2476 414 2543 Ut
436 2478 627 2561 praescripta
650 2478 815 2545 novellaris
837 2478 916 2563 legis
939 2497 1019 2544 anno
1037 2478 1119 2543 1868
1143 2480 1225 2545 circa
1240 2479 1372 2561 Sebolas

132 2582 334 2647 elementares
368 2582 453 2647 latae
487 2582 518 2646 in
553 2583 684 2664 nostris,
702 2582 864 2647 catholicis
898 2582 987 2666 plene
1020 2584 1145 2649 effectui
1177 2584 1305 2662 dentur,
1339 2585 1372 2649 et

131 2688 261 2751 cunctae
285 2684 365 2751 aliae
387 2685 597 2751 ordinationes
619 2688 678 2751 boc
704 2688 736 2751 in
762 2687 887 2771 negotio
910 2685 1011 2752 editae
1034 2687 1073 2753 ad
1096 2689 1244 2753 amussim
1267 2690 1370 2754 obser·

26 2820 27 2823 ¹
131 2791 257 2858 ventur:
281 2808 404 2854 necesse
427 2790 526 2869 estu
529 2790 651 2856 tVice-
654 2789 767 2855 Archi·
769 2791 909 2869 biareni,
931 2807 993 2873 qua
1015 2792 1108 2856 simul
1126 2793 1222 2858 etiam
1238 2794 1373 2858 elemen-

130 2895 245 2960 tarium
267 2892 448 2959 Scholarum
472 2891 693 2959 catholicarum
718 2895 914 2982 inspectores
936 2914 1062 2962 munere
1085 2896 1177 3012 bocce
1199 2897 1303 2963 debite
1318 2899 1372 2963 de-

130 2998 310 3083 fungantur.
356 2996 475 3078 Quare:
1007 3021 1011 3026 ·

234 3118 263 3203 ᾗ.
286 3120 336 3184 52.
378 3117 561 3185 Scholarum
591 3119 750 3202 Inspector
778 3119 885 3185 sedulo
907 3120 1091 3188 intendate
1075 3122 1264 3206 etcongrua
1287 3123 1370 3187 omni

131 3222 256 3289 meliore
278 3221 369 3288 modo
393 3224 485 3307 agat:

233 3334 543 3418 liuticensibus
570 3334 741 3399 Districtus
768 3336 817 3400 sui
848 3333 1007 3401 Parecbiis
1038 3336 1249 3421 filialibusque
1280 3338 1371 3406 Com-

128 3438 251 3503 munita
251 3437 354 3517 tibus
377 3438 432 3502 ubi
455 3439 638 3521 copiosiores
660 3440 760 3522 proles
784 3440 915 3517 adsunt,
943 3440 1072 3506 Scholae
1095 3445 1147 3507 cat
1133 3442 1267 3525 tbolicae
1292 3442 1371 3527 legis

129 3542 285 3626 postulato
308 3542 506 3608 conformiter
528 3541 714 3608 sufficienti
718 3562 845 3611 numero
868 3544 1045 3627 erigantur3

232 3656 288 3719 2ο
309 3656 343 3719 ιι
366 3653 456 3722 aedes
478 3654 634 3720 scholares
658 3674 753 3720 novae
778 3654 817 3720 sd
842 3656 990 3722 amussim
1014 3658 1069 3742 ἐξ·
1074 3677 1161 3723 orum
1185 3658 1295 3725 27.ιι
1317 3660 1368 3724 28.

129 3758 207 3843 legis
227 3756 390 3824 aedificent
377 3763 444 3834 ι,ιιι
473 3758 640 3847 existentes
663 3777 752 3837 vero,
779 3760 982 3844 inquantum
1003 3762 1150 3846 possibile
1172 3766 1235 3843 est,
1267 3762 1371 3830 debite

129 3862 277 3947 adaptent
279 3881 325 3941 ιι,
341 3862 374 3928 ιι
388 3862 529 3929 omnibus
545 3862 725 3930 necessariis
742 3863 940 3931 adminiculis
959 3864 1121 3931 litterariis
1137 3867 1369 3951 (taneszlrbzbl)

129 3966 367 4073 provideantur;

232 4081 270 4145 3
273 4099 290 4145 o
313 4081 349 4145 ut
371 4082 498 4145 cunctae
520 4079 621 4163 proles
643 4080 766 4146 scholae
789 4099 916 4164 capaces
938 4082 991 4165 (ab
1014 4102 1050 4149 ιι
1051 4083 1128 4149 tatis
1143 4102 1222 4149 auno
1243 4085 1367 4149 6··ous

128 4201 187 4267 que
211 4175 269 4248 12-
255 4184 341 4269 -ιιιιι)
360 4183 497 4249 scholam
514 4184 738 4268 quotidianam,
763 4184 895 4251 seniores
912 4188 1016 4252 autem
1038 4206 1133 4273 usque
1152 4189 1210 4252 15-
1194 4208 1267 4253 -um
1282 4189 1371 4253 sets·

128 4287 171 4351 tis
187 4306 301 4352 annum
316 4286 452 4353 scholam
468 4288 714 4371 repetitionalem
730 4308 784 4355 seu
800 4287 1016 4357 dominicalem
1031 4290 1139 4357 sedulo
1158 4292 1370 4375 frequentent;

129 4391 323 4475 negligentes
345 4393 377 4457 in
401 4409 492 4457 sensu
515 4391 594 4475 legis
614 4392 801 4475 punientem

232 4502 289 4566 4-o
312 4505 348 4569 ut
370 4502 577 4571 iustitutionis
599 4504 720 4589 objecta
742 4505 904 4589 legeteuus
925 4508 1091 4594 praecepta
1111 4506 1289 4592 diligenter,
1313 4527 1368 4591 op-
