3050 4859
242 179 270 231 3.
290 178 398 249 nonar.
419 179 508 235 Oeno.
529 180 555 233 7.
573 178 638 235 aar.
657 179 745 235 1333:
763 180 966 236 Excandescit.
986 187 1015 235 et
1034 186 1256 249 suspensionis.
1309 167 1373 261 333

130 350 246 429 movit,
275 350 449 415 inconsultu
468 350 636 419 Ordinatio
653 350 804 436 originis,
828 353 862 417 et
881 369 951 417 ιιι
961 353 1072 436 petitis
1094 353 1210 419 litteris
1229 355 1372 421 testimo·

130 454 267 521 uialibus
300 474 379 537 (ιιιι
411 454 480 519 de
467 474 538 538 ιιιι
562 456 635 543 sunt
655 456 843 538 expetendae
862 458 920 523 sub
938 476 1039 564 poena
1059 458 1284 542 suspensionis
1291 458 1374 525 latae

130 560 198 624 tum
222 559 294 631 cont
296 578 330 629 m
352 558 556 633 Ordinantem
578 540 646 625 tum
667 561 738 625 cont
741 579 776 624 ιι
798 560 930 626 Ordinat
916 562 994 626 tum

235 662 279 727 At
300 663 441 729 volvente
465 682 544 727 auno
569 664 667 729 1377
676 684 747 729 uum
764 664 901 729 Clericus
917 665 1069 731 Aemilius
1085 666 1125 731 ad
1144 666 1373 749 suscipiendum

131 764 279 834 Ordinem
301 766 546 833 Subdiaconatus
569 768 697 834 vocatus
718 769 818 847 esset,
848 767 888 832 ad
916 771 1060 835 tramites
1074 771 1199 841 ,statuti
1229 772 1269 835 ab
1298 771 1374 837 limo

131 870 369 955 archiepiscopo
391 871 568 955 Algarieusi
591 873 734 951 confecti,
758 874 791 937 ιι
799 892 835 937 Ι«ι
853 872 885 939 3.
907 873 1157 959 Congregutione
1179 871 1229 941 De
1252 876 1374 958 Propa-

128 975 237 1061 9eade
259 976 348 1047 Fictaw
362 975 487 1054 firmati,
511 976 549 1043 ad
571 975 795 1059 praestandum
815 977 1168 1063 ‘juramentnmjugiter
1188 978 1221 1044 ιι
1243 980 1373 1045 dioecesi

131 1078 308 1163 Algerieusi
337 1079 537 1163 permanendi
564 1080 603 1145 ab
629 1080 869 1164 Archiepiscopo
890 1081 1066 1166 compulsus
1089 1082 1159 1150 fuit.
1205 1084 1248 1147 At
1270 1084 1374 1149 renuit

131 1183 298 1253 Aemilius,
309 1183 567 1268 jurameutum1l‘
582 1184 641 1251 boc
662 1186 822 1263 emittere,
851 1204 989 1251 asserens
1007 1206 1043 1252 se
1064 1187 1104 1252 ad
1125 1188 1372 1252 Lauzaristarum

129 1288 311 1352 institutum
341 1287 590 1370 amplectendum
620 1289 739 1353 vocari:
774 1292 806 1354 et
842 1290 982 1373 quamvis
1016 1290 1198 1357 Ordinatius
1230 1292 1373 1375 plurimis

131 1391 447 1457 animadversionibus
463 1393 543 1457 bane
561 1393 789 1458 exeusationem
809 1394 1002 1473 refutaverit,
1023 1396 1129 1461 tamen
1150 1396 1302 1461 Aemilius
1318 1415 1373 1462 nec

130 1495 339 1579 iuramentum
361 1496 466 1561 emisit
479 1504 482 1521 ²
492 1514 548 1561 nec
580 1515 682 1562 sacros
713 1497 846 1579 majores
872 1498 994 1563 ordines
1016 1499 1161 1582 suscepit.
1207 1501 1289 1582 Quin
1310 1501 1373 1566 imo

130 1599 257 1664 aestivis
282 1599 367 1665 feriis
390 1600 462 1665 anni
487 1600 611 1665 1373a
633 1590 813 1684 parentibus
840 1603 1047 1685 conquisitus,
1079 1604 1221 1669 inaudito
1243 1604 1374 1669 Archie-

129 1693 278 1787 piscopo,
275 1704 332 1772 ιι
338 1704 476 1787 patriam
500 1704 615 1775 rediit:
637 1704 724 1785 ιιι,
739 1705 770 1769 ιι
791 1717 848 1789 gra
850 1706 912 1770 tino
930 1708 984 1771 ab
998 1708 1187 1791 Imperatore
1210 1693 1375 1773 Borussiae

131 1826 309 1886 concessae,
343 1809 503 1876 absolutus
533 1829 553 1877 a
582 1810 687 1893 poenis
711 1810 743 1873 ιι
764 1811 962 1876 contumaces
983 1829 1039 1877 con
1041 1814 1097 1877 tra
1113 1813 1199 1896 leges
1219 1812 1374 1877 ιιιιιίιιιιι

130 1914 181 1983 sat
183 1915 216 1977 ιι
218 1912 270 1989 us,
294 1912 478 1995 adscriptus
487 1912 548 1980 fnit
564 1913 731 1981 militiae
723 1914 846 1997 imperii
869 1915 910 1979 de
929 1916 962 1979 la
981 1914 1141 1981 drusianae
1161 1928 1290 1983 reservo.

236 2017 310 2083 Post
335 2018 422 2091 baec
440 2016 494 2084 die
521 2018 573 2083 23.
597 2016 748 2087 Octebris
764 2018 848 2083 1373
871 2018 910 2082 ad
932 2019 1220 2085 Eminentiseimum
1242 2018 1374 2085 Archie-

130 2086 288 2203 piscupum
306 2120 523 2204 Algeniensem
539 2120 731 2189 numillimas
742 2121 835 2187 dedit
848 2118 982 2202 litteras,
997 2120 1177 2208 significans
1193 2143 1226 2189 ae
1240 2125 1374 2209 amplius

131 2225 294 2291 dioecesim
318 2224 476 2308 Algerieu.
500 2226 604 2308 petere
627 2244 692 2293 nou·
709 2245 808 2308 posse,
830 2228 974 2293 obstante
996 2226 1065 2311 lege
1088 2228 1217 2292 militari
1240 2227 1372 2311 imperii,

130 2348 191 2412 qua
211 2328 343 2411 militiae
365 2328 539 2413 adscriptus
563 2331 647 2398 erat·
681 2332 821 2395 attamen
850 2350 888 2395 se
918 2331 1064 2397 exbibens
1093 2334 1236 2416 paratum
1261 2332 1300 2397 ad
1322 2351 1374 2396 ex·

130 2452 239 2516 pensas
269 2432 439 2509 Seminane
469 2432 644 2517 Algerieusi
679 2434 877 2516 reficiendas,
914 2436 1000 2500 enixe
1032 2423 1304 2577 Archiepiscopnm
1336 2436 1373 2501 de

130 2537 235 2603 licent
227 2556 259 2604 ιι
281 2536 457 2605 discedendi
481 2538 663 2620 negaba

212 2640 416 2707 Ordiuarius
440 2639 645 2724 Algeriensis
651 2574 794 2725 judicans
809 2641 1041 2725 supposititium
1057 2642 1314 2726 impedimentum
1333 2646 1372 2708 ab

131 2743 263 2809 Aemilio
285 2744 483 2828 propositum,
508 2745 641 2827 petitam
662 2745 782 2813 neniam
807 2745 990 2829 denegavit:
1019 2747 1057 2813 ob
1078 2745 1135 2825 hoc
1158 2747 1311 2814 Aemilius
1333 2748 1372 2814 ad

130 2848 161 2914 3.
187 2848 282 2936 Cong.
315 2834 354 2913 de
382 2838 586 2933 Propagauda
620 2848 695 2915 Fide
729 2849 857 2934 supplex
886 2851 1027 2935 confugit
1059 2851 1257 2933 expostulans
1280 2853 1316 2917 ιι
1341 2852 1374 2916 ιι

132 2953 264 3019 dioecesi
295 2952 424 3037 originis
453 2954 706 3038 reintegraretur.
757 2954 801 3019 At
829 2954 962 3019 frustra:
991 2954 1153 3037 siqnidem
1173 2956 1311 3037 ejusdem
1340 2955 1373 3041 3.

132 3058 226 3141 (long.
250 3058 346 3123 limus
369 3057 547 3123 Praefectus
577 3059 627 3123 die
659 3058 708 3123 14.
732 3058 875 3124 Jauuarii
902 3078 967 3123 rem
1000 3060 1100 3124 totam
1131 3059 1312 3141 prudentiae
1342 3062 1374 3124 et

130 3161 478 3243 sapientiaellrdiuarii
500 3161 693 3245 Algerieusis
716 3162 854 3239 remisit;
884 3164 1069 3247 quapropter
1098 3161 1212 3227 iterum
1240 3163 1373 3229 Archie-

130 3266 272 3349 piscopus
311 3264 504 3349 Algerieu'sis
549 3267 670 3332 duabus
718 3266 852 3350 publicis
896 3266 1135 3345 monitionibus,
1178 3267 1374 3333 comminatis

130 3368 244 3453 poeuis,
268 3368 412 3434 clericum
436 3369 606 3435 Aemilium
634 3370 672 3435 ad
700 3369 890 3438 redeundum
918 3372 1076 3454 compulit.
1105 3372 1275 3447 Aemilius,
1298 3372 1375 3437 data

130 3466 368 3557 Archiepiscopo
402 3474 532 3557 epistola
565 3493 627 3557 qua
661 3474 865 3557 profitebatur
903 3494 936 3540 se
973 3475 1203 3559 quamprimum
1234 3475 1372 3541 Africam

130 3578 302 3661 petiturum
324 3578 373 3643 vix
396 3597 432 3643 ac
454 3577 640 3643 obtinuisset
659 3598 680 3643 a
702 3578 787 3644 civili
809 3579 963 3661 potestate
986 3579 1170 3644 facultatem
1194 3579 1388 3651 discedendi

131 3701 146 3747 e
169 3682 323 3750 limitibus
341 3682 474 3765 imperii,
498 3682 537 3746 ud
561 3682 707 3747 Sanctum
722 3680 832 3747 Sedem
851 3702 956 3767 preces
973 3683 1144 3767 geminavit
1158 3684 1273 3749 iterum
1289 3703 1373 3749 eam·

131 3786 200 3851 dem
223 3788 345 3853 veniam
366 3784 543 3852 discedendi
566 3806 585 3851 a
607 3786 737 3851 dioecesi
759 3786 937 3873 Algeriensi
961 3787 1167 3872 expostulans.

232 3891 291 3956 His
319 3892 476 3957 stantibus
506 3890 645 3975 quaestio
668 3891 773 3958 delata
792 3892 853 3956 fuit
874 3891 913 3958 ad
936 3891 968 3958 3.
989 3890 1270 3977 Congregutionem
1294 3891 1374 3957 Con·

131 3994 212 4074 cilii,
241 3997 273 4060 et
303 3996 566 4061 Eminentissimis
600 3996 660 4062 PP.
694 3996 853 4079 proposita
885 4016 940 4079 per
972 3996 1144 4061 summaria
1170 4015 1295 4079 precum
1322 3995 1374 4059 die

132 4097 160 4163 9.
185 4099 301 4183 Aprilis
327 4101 406 4165 1331
432 4100 533 4167 soluta
555 4100 616 4165 fuit
637 4100 741 4165 farore
763 4100 899 4179 Aemilii,
924 4100 980 4165 hoc
1000 4100 1084 4165 edito
1106 4101 1264 4183 rescripto.

235 4236 261 4307 1)
279 4236 434 4292 Notandum
452 4254 515 4293 vero
534 4254 591 4292 esse
610 4237 729 4304 videtur,
753 4237 990 4310 Archiepiscopnm
1006 4238 1145 4307 Algerieu.
1163 4237 1198 4292 ad
1215 4254 1375 4309 praecurem·

131 4324 194 4379 dum
211 4325 246 4378 ue
265 4325 355 4379 clerici
376 4325 475 4389 exteri,
502 4342 555 4380 non
582 4312 754 4381 obstantibus
781 4326 883 4395 regulis
911 4325 1069 4388 Seminarii,
1096 4341 1111 4379 e
1135 4325 1251 4379 dioecesi
1274 4326 1374 4395 passim

130 4410 304 4481 aufcngercnt,
323 4411 508 4477 constituisse,
528 4414 560 4465 ut
576 4410 678 4467 alumni
695 4412 724 4466 in
747 4409 896 4467 Seminaric
914 4411 1079 4466 admittendi
1093 4410 1277 4479 jurameutum
1295 4412 1374 4468 eruit·

130 4504 220 4554 terent
238 4497 402 4553 inserviendi
417 4501 547 4567 perpetuo
564 4497 684 4553 dioecesi
696 4498 834 4568 Algerien.
858 4515 940 4568 qnam
964 4497 1170 4568 dispositionem
1194 4499 1222 4555 S.
1240 4498 1374 4569 Congreg.

131 4586 163 4642 de
180 4585 359 4659 Propaganda
376 4585 444 4641 ride
462 4588 550 4641 ratam
567 4584 672 4651 habuit,
690 4585 828 4640 nonnuliis
845 4587 939 4640 tamen
956 4584 1007 4640 sub
1025 4584 1161 4641 clausulis.
