3050 4859
301 134 432 198 334
537 150 594 205 S.
632 151 852 220 Oonyr.
892 150 1070 205 Cone.
1111 150 1165 204 7.
1198 150 1332 205 Jul.
1368 148 1546 204 1883:
1580 149 1988 203 Excardinat.
2029 154 2086 205 et
2124 124 2578 217 suspensionis.
2621 121 2634 129 ⁸
2677 181 2690 189 ·
2715 111 2732 130 ι

510 322 850 389 Resolutio.
919 322 1193 389 Attentis
1229 322 1667 402 peculiaribus
1710 322 2205 389 circum-sturmis
2250 322 2602 390 Aemilium
2649 371 2669 386 .
2724 376 2743 391 .
2793 373 2810 387 .

304 427 751 492 ordinandum
791 447 923 492 esse
967 427 1047 491 ab
1092 425 1408 507 Episcopo
1453 426 1908 509 Aryeniinensi
1924 477 1939 504 ,
1992 427 2283 507 praeviis
2346 427 2580 493 litteris
2623 429 2812 493 testi-

301 530 677 597 monialibus
719 530 1196 611 Arehiepiseopi
1237 530 1651 611 Alyeriensis‚
1688 530 1866 611 facta
1909 531 2108 595 eide-m
2150 531 2749 612 compensatione*

507 633 832 699 Sententia
874 633 1097 698 Sacrae
1141 631 1657 717 Congregationis
1702 633 1977 711 obtenta,
2025 634 2353 711 Aemilius,
2408 634 2633 718 spretis
2682 635 2800 698 lit-

303 738 453 805 teris
497 736 1018 802 testimonialibus
1060 736 1524 820 Archiepiscopi
1570 737 1991 821 Algeriensis.‚
2052 740 2117 803 et
2178 757 2580 822 expensarum
2625 758 2806 817 com·

306 842 662 926 pensatione
708 859 827 905 non
872 840 1164 923 impleta,
1227 858 1469 907 sacrum
1538 829 2017 906 subdiaconatus
2084 842 2359 908 ordinem
2400 841 2678 931 suscepit
2726 843 2806 907 ab

305 946 603 1029 Episcopo
647 944 982 1024 Tulelensi,
1022 945 1287 1027 praeviis
1326 944 1843 1010 dimissorialibus
1884 944 2196 1011 Ordinarii
2243 946 2750 1029 Argentinensis,

514 1048 1029 1131 Archiepiscopns
1077 1048 1475 1131 Algeriensis‚
1523 1068 1589 1113 re
1634 1049 1905 1132 cognita,
1954 1050 2303 1115 sententiae
2334 1049 2433 1114 die
2472 1051 2531 1113 9.
2561 1049 2809 1133 Aprilis

307 1153 492 1218 datae
529 1172 647 1217 non
679 1152 932 1235 quievit,
981 1154 1045 1218 et
1088 1155 1260 1217 ratus
1283 1154 1502 1218 latam
1550 1154 1923 1217 sententiam
1966 1153 2305 1219 maximum
2350 1172 2500 1219 suae
2530 1154 2811 1219 dioecesi

298 1248 750 1338 ,detrimentum
796 1256 1056 1334 inferre,
1118 1276 1156 1319 a
1200 1255 1388 1321 Sacra
1435 1255 1927 1339 Congregatione
1982 1256 2166 1339 petiit
2217 1259 2288 1320 ut
2334 1256 2561 1321 iterum
2609 1275 2810 1330 eausa

309 1362 388 1426 ad
435 1363 738 1428 trutinam
783 1364 1138 1439 vocaretur,
1207 1362 1473 1444 primum
1545 1362 1614 1426 ut
1682 1361 1986 1439 Aemilius
2050 1363 2371 1444 cogeretur
2428 1360 2619 1425 etiam
2685 1362 2809 1424 sub

307 1466 518 1549 poenis
563 1465 642 1532 ad
680 1466 1079 1531 remeandum
1125 1465 1191 1529 in
1236 1465 1550 1542 Africam,
1598 1464 1862 1529 secundo
1906 1467 1978 1529 ut
2019 1464 2441 1536 declararetur
2487 1464 2809 1553 Ordinan-

307 1572 435 1634 tem
484 1572 549 1635 et
593 1569 958 1634 ordinatum
1003 1570 1082 1634 ad
1123 1569 1281 1652 juris
1328 1569 1615 1634 tramites
1662 1568 2123 1653 suspensionem
2168 1569 2500 1633 incurrisse
2529 1586 2601 1631 eo
2636 1568 2811 1651 quod

308 1674 756 1741 testimoniales
801 1673 1107 1738 Aemilius
1153 1692 1274 1738 non
1321 1673 1574 1757 petierit
1618 1674 1695 1739 ab
1743 1672 2064 1738 Ordinatio
2111 1672 2482 1756 Algeriensi.
2597 1660 2603 1665 ’

515 1779 710 1863 Super
771 1779 888 1843 hac
945 1796 1103 1843 nova
1165 1778 1524 1861 quaestione
1580 1777 1770 1842 Sacra
1832 1777 2249 1860 Congregatio
2292 1776 2620 1859 requisivit
2644 1776 2812 1851 *tum

311 1884 676 1967 Episcopum
731 1882 1148 1962 Tulelensem,
1209 1885 1343 1957 tum
1399 1882 1771 1963 Aemilium,
1834 1885 1970 1945 tum
2027 1881 2460 1964 Coadjutorem
2513 1880 2813 1964 Episcopi

312 1986 787 2071 Argentinensis
827 1987 931 2070 qui
972 1986 1071 2051 die
1121 1987 1218 2052 19.
1266 1986 1587 2052 Februarii
1641 1987 1842 2065 1883,
1908 1984 2315 2068 respondebat
2378 1984 2496 2048 hoc
2551 2004 2661 2067 per
2708 2003 2812 2049 er-

312 2112 510 2158 rorem
559 2091 832 2157 evenisse
899 2090 1226 2156 »Ceterum
1289 2090 1549 2174 (ajebat)
1622 2090 1696 2155 de
1758 2091 1873 2155 hoc
1940 2100 2140 2156 errore
2208 2089 2665 2153 excusationem
2728 2090 2811 2153 ab

317 2197 539 2263 »Illmo
599 2198 664 2260 et
722 2195 876 2259 Rmo
938 2195 1233 2260 Praesule
1298 2194 1499 2259 facere
1562 2197 1815 2278 paratus
1861 2214 2017 2259 sum.
2109 2193 2283 2275 Quod
2328 2193 2383 2256 si
2426 2193 2493 2258 in
2536 2212 2670 2256 sua.
2695 2212 2811 2275 pe-

320 2300 574 2366 »titione
636 2298 936 2364 consistat
995 2301 1066 2364 ut
1124 2299 1458 2382 Episcopus
1516 2299 1825 2364 Ordinans
1888 2300 1951 2363 et
1997 2297 2268 2362 Clericus
2316 2296 2655 2363 Ordinatus
2698 2316 2812 2361 su-

319 2404 712 2487 »spendatur‚
761 2404 1040 2469 eamdem
1085 2404 1204 2487 ipsi
1251 2423 1504 2487 poenam
1553 2404 1754 2487 infligi
1802 2404 2061 2485 requiro,
2107 2422 2298 2485 quum
2343 2402 2477 2485 ipse
2522 2402 2810 2485 praedic-

321 2512 494 2574 »tum
541 2509 875 2573 Aemilium
923 2508 999 2573 ad
1050 2506 1111 2572 S.
1160 2508 1503 2574 Tonsuram
1537 2510 1600 2572 et
1634 2508 1905 2572 Minores
1949 2506 2211 2572 Ordines
2242 2505 2602 2584 initiaverit,
2654 2506 2809 2590 quin

321 2633 630 2698 »unquam
675 2613 921 2678 litteras
965 2612 1412 2678 testimoniales
1459 2632 1571 2677 nec
1615 2612 2173 2678 excardinationem
2208 2599 2285 2676 ab
2322 2610 2648 2677 Ordinario
2683 2612 2808 2675 Ar-

323 2718 710 2803 »gentinensi
750 2716 1284 2800 expostulaverit«

524 2822 640 2887 His
686 2823 998 2888 stantibus
1041 2822 1408 2904 rescriptum
1457 2821 1578 2886 fuit
1618 2848 1704 2879 ε
1734 2827 2018 2903 ponatur
2060 2820 2132 2885 in
2164 2820 2354 2903 folio.-
2415 2821 2478 2884 et
2524 2820 2811 2903 quaestio

284 2926 631 3009 >proposita
678 2926 799 2990 fuit
846 2926 970 2993 EE.
1021 2926 1144 2990 PP.
1200 2926 1265 2989 in
1311 2926 1581 2990 comitiis
1627 2925 2019 3009 generalibus
2080 2916 2312 2989 habitis
2371 2922 2472 2988 die
2530 2924 2587 2988 7.
2644 2924 2810 2990 JuJii

319 3030 466 3095 anni
515 3029 682 3096 1883
728 3030 844 3095 sub
893 3030 1130 3095 dubiis:

1437 3141 1688 3228 Dubia.

526 3256 584 3322 Ι.
650 3258 786 3322 Ari.
821 3256 1227 3321 recedendum
1277 3254 1362 3320 sit
1424 3278 1466 3319 a
1524 3255 1755 3321 decisis
1803 3274 1926 3335 per
1987 3252 2355 3319 Summaria
2399 3272 2663 3334 precum
2705 3253 2817 3318 die

322 3367 383 3429 9.
428 3361 690 3443 Aprilis
736 3365 946 3448 1881„
994 3360 1149 3424 adeo
1204 3364 1275 3423 ui
1329 3359 1864 3441 Archiepiscopus
1926 3357 2324 3440 Alperierisis
2368 3358 2578 3444 possit
2617 3358 2817 3421 etiam

320 3467 435 3531 sub
480 3466 764 3531 censuris
807 3464 1149 3529 Aemilium
1194 3464 1258 3531 S.
1307 3464 1394 3528 ad
1435 3463 1824 3528 redeundum
1866 3461 1937 3526 in
1972 3463 2303 3543 propriam
2334 3460 2705 3541 Dioecesim,
2757 3467 2820 3527 et

322 3570 409 3635 ad
445 3569 510 3636 S.
560 3568 832 3635 Ordines
876 3592 916 3635 a
963 3589 1030 3633 se
1071 3568 1461 3650 recipiendos
1505 3568 1773 3633 servatis
1818 3566 2151 3632 servandis
2197 3586 2403 3649 eoyere
2434 3551 2519 3631 'in
2566 3584 2734 3631 casu.

531 3673 627 3740 II.
679 3674 791 3739 An
826 3673 1142 3738 Aemilius
1185 3677 1243 3737 et
1287 3672 1593 3755 Episcopi
1637 3692 1774 3737 eum
1822 3670 2211 3736 ordinantes
2252 3672 2324 3735 in
2370 3691 2668 3737 censuras
2713 3671 2820 3744 iri-

324 3778 590 3846 ciderint
627 3779 701 3844 in
739 3796 913 3843 casu.
2697 3770 2718 3777 “

528 3882 869 3949 ResolutiO.
916 3907 1001 3938 =
1045 3879 1159 3944 Ad.
1185 3880 1233 3947 Ι.
1265 3906 1350 3937 -;-.
1381 3878 1777 3944 Affirmative
1822 3878 1887 3944 in
1935 3878 2237 3943 omnibus.
2290 3877 2386 3942 Ad
2434 3878 2517 3943 ΙΙ.
2562 3906 2647 3937 ==
2683 3878 2821 3943 Ne-

324 3985 553 4070 gative.

1151 4076 1212 4136 6.
1278 4070 1490 4137 Causa
1536 4070 1964 4145 Mediolanen.

1048 4183 1460 4250 Decretorum
1499 4190 1558 4249 et
1600 4184 2083 4265 Appellationis.

531 4294 629 4360 Ad
673 4293 928 4378 Curiam
974 4296 1578 4380 Archiepiscopalem
1635 4296 1845 4361 delata
1905 4295 2297 4361 accusatione
2354 4294 2646 4359 adversus
2704 4314 2817 4360 sa-

326 4398 636 4465 cerdotem
679 4398 982 4464 Davidem
1013 4400 1089 4465 de
1117 4400 1480 4465 infractione
1521 4399 1746 4483 jejunii
1792 4400 2101 4464 naturalis
2142 4400 2289 4463 ante
2335 4398 2818 4467 celebrationem

328 4500 591 4578 Missae;
639 4503 703 4567 et
746 4502 1020 4569 criminis
1053 4502 1450 4587 inquisitione
1493 4503 1798 4568 tribunali
1836 4503 2251 4569 ecclesiastico
2283 4500 2555 4586 ejusdem
2589 4500 2819 4570 Curiae

448 4851 793 4859 --*“’““*-““·----·“
833 4853 837 4856 ’
871 4853 877 4854 ff
1058 4851 1063 4853 ·
1116 4853 1120 4854 ⁷
1158 4850 1315 4854 —·*‘⁴*>
1348 4847 1468 4851 θ’*
1492 4829 2761 4859 Ὰ--ὟὟΨῄ--ῄᾘ

2928 4813 3027 4859 „A
