<?xml version="1.0" encoding="UTF-8"?>
<!DOCTYPE html PUBLIC "-//W3C//DTD XHTML 1.0 Transitional//EN"
    "http://www.w3.org/TR/xhtml1/DTD/xhtml1-transitional.dtd">
<html xmlns="http://www.w3.org/1999/xhtml" xml:lang="en" lang="en">
 <head>
  <title>
</title>
<meta http-equiv="Content-Type" content="text/html;charset=utf-8" />
  <meta name='ocr-system' content='tesseract 3.04.00' />
  <meta name='ocr-capabilities' content='ocr_page ocr_carea ocr_par ocr_line ocrx_word'/>
</head>
<body>
  <div class='ocr_page' id='page_1' title='image "./archivfrkatholi08unkngoog/archivfrkatholi08unkngoog_0197.png"; bbox 0 0 3050 4859; ppageno 0'>
   <div class='ocr_carea' id='block_1_1' title="bbox 138 121 1390 235">
    <p class='ocr_par' dir='ltr' id='par_1_1' title="bbox 25 118 1390 235">
     <span class='ocr_line' id='line_1_1' title="bbox 138 121 1390 235; baseline 0.015 -27.262"><span class='ocrx_word' id='word_1_1' title='bbox 138 121 432 222; x_wconf 74' lang='lat' dir='ltr'><strong>cachoarm</strong></span> <span class='ocrx_word' id='word_1_2' title='bbox 452 164 564 229; x_wconf 80' lang='lat' dir='ltr'><strong>Simor,</strong></span> <span class='ocrx_word' id='word_1_3' title='bbox 585 163 777 229; x_wconf 75' lang='lat' dir='ltr'><strong>cardinalis,</strong></span> <span class='ocrx_word' id='word_1_4' title='bbox 795 164 894 217; x_wconf 79' lang='lat' dir='ltr'><strong>Prim.</strong></span> <span class='ocrx_word' id='word_1_5' title='bbox 915 164 1014 235; x_wconf 73' lang='lat' dir='ltr'><strong>Harey.</strong></span> <span class='ocrx_word' id='word_1_6' title='bbox 1033 164 1083 219; x_wconf 87' lang='lat'><strong>30.</strong></span> <span class='ocrx_word' id='word_1_7' title='bbox 1102 162 1184 233; x_wconf 82' lang='lat' dir='ltr'><strong>Sept.</strong></span> <span class='ocrx_word' id='word_1_8' title='bbox 1202 164 1286 219; x_wconf 82' lang='grc'><strong><em>1888.</em></strong></span> <span class='ocrx_word' id='word_1_9' title='bbox 1328 144 1390 210; x_wconf 76' lang='lat'><strong>185</strong></span> 
     </span>
    </p>
   </div>
   <div class='ocr_carea' id='block_1_2' title="bbox 18 334 1394 421">
    <p class='ocr_par' dir='ltr' id='par_1_2' title="bbox 18 334 1394 421">
     <span class='ocr_line' id='line_1_2' title="bbox 18 334 1394 421; baseline 0 -20"><span class='ocrx_word' id='word_1_10' title='bbox 18 341 21 345; x_wconf 78' lang='grc'><em>’</em></span> <span class='ocrx_word' id='word_1_11' title='bbox 139 336 227 401; x_wconf 92' lang='lat' dir='ltr'><strong>inter</strong></span> <span class='ocrx_word' id='word_1_12' title='bbox 249 338 282 401; x_wconf 89' lang='lat' dir='ltr'><strong>et</strong></span> <span class='ocrx_word' id='word_1_13' title='bbox 304 353 484 419; x_wconf 89' lang='lat' dir='ltr'><strong>supremum</strong></span> <span class='ocrx_word' id='word_1_14' title='bbox 509 335 832 421; x_wconf 76' lang='lat' dir='ltr'><strong>Caesareo-regiarum</strong></span> <span class='ocrx_word' id='word_1_15' title='bbox 850 335 1012 418; x_wconf 72' lang='lat' dir='ltr'><strong>copiarum</strong></span> <span class='ocrx_word' id='word_1_16' title='bbox 1028 336 1226 413; x_wconf 87' lang='lat' dir='ltr'><strong>belliducem,</strong></span> <span class='ocrx_word' id='word_1_17' title='bbox 1249 334 1394 401; x_wconf 79' lang='lat' dir='ltr'><strong>carolum</strong></span> 
     </span>
    </p>
   </div>
   <div class='ocr_carea' id='block_1_3' title="bbox 140 439 1393 628">
    <p class='ocr_par' dir='ltr' id='par_1_3' title="bbox 140 439 1393 628">
     <span class='ocr_line' id='line_1_3' title="bbox 140 439 1393 545; baseline -0.002 -40"><span class='ocrx_word' id='word_1_18' title='bbox 140 440 374 523; x_wconf 81' lang='lat' dir='ltr'><strong>Letharingum</strong></span> <span class='ocrx_word' id='word_1_19' title='bbox 390 442 429 545; x_wconf 45' lang='lat' dir='ltr'><strong>&#39;in</strong></span> <span class='ocrx_word' id='word_1_20' title='bbox 451 459 487 505; x_wconf 92' lang='lat' dir='ltr'><strong>eo</strong></span> <span class='ocrx_word' id='word_1_21' title='bbox 509 441 659 505; x_wconf 89' lang='lat' dir='ltr'><strong>coalitum</strong></span> <span class='ocrx_word' id='word_1_22' title='bbox 681 440 753 518; x_wconf 83' lang='lat' dir='ltr'><strong>luit,</strong></span> <span class='ocrx_word' id='word_1_23' title='bbox 777 445 813 505; x_wconf 92' lang='lat' dir='ltr'><strong>ut</strong></span> <span class='ocrx_word' id='word_1_24' title='bbox 836 459 905 518; x_wconf 90' lang='lat' dir='ltr'><strong>non,</strong></span> <span class='ocrx_word' id='word_1_25' title='bbox 927 439 1186 524; x_wconf 90' lang='lat' dir='ltr'><strong>quemadmodum</strong></span> <span class='ocrx_word' id='word_1_26' title='bbox 1209 440 1293 504; x_wconf 86' lang='lat' dir='ltr'><strong>haud</strong></span> <span class='ocrx_word' id='word_1_27' title='bbox 1317 458 1393 523; x_wconf 90' lang='lat' dir='ltr'><strong>pau-</strong></span> 
     </span>
     <span class='ocr_line' id='line_1_4' title="bbox 141 543 1392 628; baseline -0.002 -19"><span class='ocrx_word' id='word_1_28' title='bbox 141 545 188 609; x_wconf 91' lang='lat' dir='ltr'><strong>cis</strong></span> <span class='ocrx_word' id='word_1_29' title='bbox 211 544 353 627; x_wconf 89' lang='lat' dir='ltr'><strong>placuit,</strong></span> <span class='ocrx_word' id='word_1_30' title='bbox 380 544 669 627; x_wconf 81' lang='lat' dir='ltr'><strong>ErselrnJ&#39;rarinum,</strong></span> <span class='ocrx_word' id='word_1_31' title='bbox 702 545 756 609; x_wconf 91' lang='lat' dir='ltr'><strong>sed</strong></span> <span class='ocrx_word' id='word_1_32' title='bbox 786 544 978 628; x_wconf 85' lang='lat' dir='ltr'><strong>Strigoninm</strong></span> <span class='ocrx_word' id='word_1_33' title='bbox 1007 563 1081 628; x_wconf 91' lang='lat' dir='ltr'><strong>prae</strong></span> <span class='ocrx_word' id='word_1_34' title='bbox 1111 543 1262 609; x_wconf 86' lang='lat' dir='ltr'><strong>ceterisa</strong></span> <span class='ocrx_word' id='word_1_35' title='bbox 1290 543 1392 609; x_wconf 82' lang='lat' dir='ltr'><strong>Toros</strong></span> 
     </span>
    </p>
   </div>
   <div class='ocr_carea' id='block_1_4' title="bbox 34 648 1392 734">
    <p class='ocr_par' dir='ltr' id='par_1_4' title="bbox 34 648 1392 734">
     <span class='ocr_line' id='line_1_5' title="bbox 34 648 1392 734; baseline -0.001 -20"><span class='ocrx_word' id='word_1_36' title='bbox 34 685 37 689; x_wconf 15' lang='grc' dir='ltr'><em>Δ</em></span> <span class='ocrx_word' id='word_1_37' title='bbox 141 649 242 715; x_wconf 86' lang='lat' dir='ltr'><strong>tentis</strong></span> <span class='ocrx_word' id='word_1_38' title='bbox 265 648 383 714; x_wconf 74' lang='lat' dir='ltr'><strong>Castris</strong></span> <span class='ocrx_word' id='word_1_39' title='bbox 406 650 649 732; x_wconf 80' lang='lat' dir='ltr'><strong>expugnaretur,</strong></span> <span class='ocrx_word' id='word_1_40' title='bbox 682 650 985 734; x_wconf 83' lang='lat' dir='ltr'><strong>recuperareturque.</strong></span> <span class='ocrx_word' id='word_1_41' title='bbox 1032 649 1202 733; x_wconf 85' lang='lat' dir='ltr'><strong>Postquam</strong></span> <span class='ocrx_word' id='word_1_42' title='bbox 1235 664 1392 713; x_wconf 88' lang='lat' dir='ltr'><strong>caesareo·</strong></span> 
     </span>
    </p>
   </div>
   <div class='ocr_carea' id='block_1_5' title="bbox 0 0 3 850">
    <p class='ocr_par' dir='ltr' id='par_1_5' title="bbox 0 0 3 850">
     <span class='ocr_line' id='line_1_6' title="bbox 0 0 3 850; baseline 0 0"><span class='ocrx_word' id='word_1_43' title='bbox 0 0 3 850; x_wconf 95' lang='lat' dir='ltr'><strong> </strong></span> 
     </span>
    </p>
   </div>
   <div class='ocr_carea' id='block_1_6' title="bbox 142 750 1430 4595">
    <p class='ocr_par' dir='ltr' id='par_1_6' title="bbox 142 750 1430 4595">
     <span class='ocr_line' id='line_1_7' title="bbox 142 750 1390 837; baseline -0.001 -20"><span class='ocrx_word' id='word_1_44' title='bbox 142 754 268 837; x_wconf 91' lang='lat' dir='ltr'><strong>regius,</strong></span> <span class='ocrx_word' id='word_1_45' title='bbox 296 753 455 836; x_wconf 80' lang='lat' dir='ltr'><strong>polonicus</strong></span> <span class='ocrx_word' id='word_1_46' title='bbox 483 754 558 819; x_wconf 91' lang='lat' dir='ltr'><strong>item</strong></span> <span class='ocrx_word' id='word_1_47' title='bbox 589 754 620 818; x_wconf 92' lang='lat' dir='ltr'><strong>et</strong></span> <span class='ocrx_word' id='word_1_48' title='bbox 643 753 805 818; x_wconf 83' lang='lat' dir='ltr'><strong>bavaricus</strong></span> <span class='ocrx_word' id='word_1_49' title='bbox 836 753 924 818; x_wconf 88' lang='lat' dir='ltr'><strong>miles</strong></span> <span class='ocrx_word' id='word_1_50' title='bbox 954 752 991 818; x_wconf 91' lang='lat' dir='ltr'><strong>ad</strong></span> <span class='ocrx_word' id='word_1_51' title='bbox 1014 754 1140 837; x_wconf 85' lang='lat' dir='ltr'><strong>plagam</strong></span> <span class='ocrx_word' id='word_1_52' title='bbox 1165 750 1390 817; x_wconf 76' lang='lat' dir='ltr'><strong>Comaromium</strong></span> 
     </span>
     <span class='ocr_line' id='line_1_8' title="bbox 143 856 1391 941; baseline -0.002 -19"><span class='ocrx_word' id='word_1_53' title='bbox 143 859 227 923; x_wconf 89' lang='lat' dir='ltr'><strong>inter</strong></span> <span class='ocrx_word' id='word_1_54' title='bbox 257 859 290 921; x_wconf 89' lang='lat' dir='ltr'><strong>et</strong></span> <span class='ocrx_word' id='word_1_55' title='bbox 319 856 512 941; x_wconf 88' lang='lat' dir='ltr'><strong>Strigonium</strong></span> <span class='ocrx_word' id='word_1_56' title='bbox 543 857 637 922; x_wconf 88' lang='lat' dir='ltr'><strong>sitam</strong></span> <span class='ocrx_word' id='word_1_57' title='bbox 672 858 870 941; x_wconf 76' lang='lat' dir='ltr'><strong>pertigisset,</strong></span> <span class='ocrx_word' id='word_1_58' title='bbox 903 858 1085 923; x_wconf 90' lang='lat' dir='ltr'><strong>Polenorum</strong></span> <span class='ocrx_word' id='word_1_59' title='bbox 1116 856 1391 940; x_wconf 75' lang='lat' dir='ltr'><strong>praeambulant</strong></span> 
     </span>
     <span class='ocr_line' id='line_1_9' title="bbox 144 960 1391 1046; baseline -0.001 -21"><span class='ocrx_word' id='word_1_60' title='bbox 144 962 250 1038; x_wconf 92' lang='lat' dir='ltr'><strong>aiunt,</strong></span> <span class='ocrx_word' id='word_1_61' title='bbox 285 962 414 1045; x_wconf 87' lang='lat' dir='ltr'><strong>agmina</strong></span> <span class='ocrx_word' id='word_1_62' title='bbox 447 962 487 1026; x_wconf 87' lang='lat' dir='ltr'><strong>ad</strong></span> <span class='ocrx_word' id='word_1_63' title='bbox 515 962 678 1046; x_wconf 79' lang='lat' dir='ltr'><strong>Parkbny,</strong></span> <span class='ocrx_word' id='word_1_64' title='bbox 709 962 837 1026; x_wconf 83' lang='lat' dir='ltr'><strong>&#39;castello</strong></span> <span class='ocrx_word' id='word_1_65' title='bbox 867 962 941 1026; x_wconf 91' lang='lat' dir='ltr'><strong>tunc</strong></span> <span class='ocrx_word' id='word_1_66' title='bbox 970 963 1141 1041; x_wconf 88' lang='lat' dir='ltr'><strong>munitum,</strong></span> <span class='ocrx_word' id='word_1_67' title='bbox 1166 963 1254 1027; x_wconf 89' lang='lat' dir='ltr'><strong>tanto</strong></span> <span class='ocrx_word' id='word_1_68' title='bbox 1274 960 1391 1027; x_wconf 81' lang='lat' dir='ltr'><strong>fervore</strong></span> 
     </span>
     <span class='ocr_line' id='line_1_10' title="bbox 146 1065 1392 1150; baseline -0.002 -19"><span class='ocrx_word' id='word_1_69' title='bbox 146 1066 250 1150; x_wconf 89' lang='lat' dir='ltr'><strong>abripi</strong></span> <span class='ocrx_word' id='word_1_70' title='bbox 272 1084 305 1131; x_wconf 88' lang='lat' dir='ltr'><strong>se</strong></span> <span class='ocrx_word' id='word_1_71' title='bbox 327 1066 535 1149; x_wconf 89' lang='lat' dir='ltr'><strong>patiebantur,</strong></span> <span class='ocrx_word' id='word_1_72' title='bbox 558 1068 595 1131; x_wconf 90' lang='lat' dir='ltr'><strong>ut</strong></span> <span class='ocrx_word' id='word_1_73' title='bbox 614 1084 725 1131; x_wconf 90' lang='lat' dir='ltr'><strong>manus</strong></span> <span class='ocrx_word' id='word_1_74' title='bbox 748 1085 818 1130; x_wconf 91' lang='lat' dir='ltr'><strong>oum</strong></span> <span class='ocrx_word' id='word_1_75' title='bbox 840 1066 948 1131; x_wconf 81' lang='lat' dir='ltr'><strong>ancis</strong></span> <span class='ocrx_word' id='word_1_76' title='bbox 966 1066 1158 1131; x_wconf 80' lang='lat' dir='ltr'><strong>Praesidium</strong></span> <span class='ocrx_word' id='word_1_77' title='bbox 1175 1065 1235 1131; x_wconf 92' lang='lat' dir='ltr'><strong>loci</strong></span> <span class='ocrx_word' id='word_1_78' title='bbox 1257 1065 1392 1130; x_wconf 88' lang='lat' dir='ltr'><strong>tenenti-</strong></span> 
     </span>
     <span class='ocr_line' id='line_1_11' title="bbox 145 1170 1392 1254; baseline -0.002 -19"><span class='ocrx_word' id='word_1_79' title='bbox 145 1172 215 1251; x_wconf 87' lang='lat' dir='ltr'><strong>bus,</strong></span> <span class='ocrx_word' id='word_1_80' title='bbox 240 1170 382 1253; x_wconf 88' lang='lat' dir='ltr'><strong>circaque</strong></span> <span class='ocrx_word' id='word_1_81' title='bbox 404 1170 483 1235; x_wconf 88' lang='lat' dir='ltr'><strong>illud</strong></span> <span class='ocrx_word' id='word_1_82' title='bbox 507 1170 627 1235; x_wconf 85' lang='lat' dir='ltr'><strong>diffusis</strong></span> <span class='ocrx_word' id='word_1_83' title='bbox 650 1171 865 1248; x_wconf 74' lang='lat' dir='ltr'><strong>consererent,</strong></span> <span class='ocrx_word' id='word_1_84' title='bbox 895 1170 970 1254; x_wconf 90' lang='lat' dir='ltr'><strong>quin</strong></span> <span class='ocrx_word' id='word_1_85' title='bbox 993 1170 1154 1236; x_wconf 92' lang='lat' dir='ltr'><strong>hostilium</strong></span> <span class='ocrx_word' id='word_1_86' title='bbox 1175 1170 1311 1235; x_wconf 90' lang='lat' dir='ltr'><strong>militum</strong></span> <span class='ocrx_word' id='word_1_87' title='bbox 1335 1188 1392 1234; x_wconf 93' lang='lat' dir='ltr'><strong>nu·</strong></span> 
     </span>
     <span class='ocr_line' id='line_1_12' title="bbox 145 1273 1392 1358; baseline 0.002 -20"><span class='ocrx_word' id='word_1_88' title='bbox 145 1294 267 1339; x_wconf 89' lang='lat' dir='ltr'><strong>merum</strong></span> <span class='ocrx_word' id='word_1_89' title='bbox 289 1274 537 1355; x_wconf 84' lang='lat' dir='ltr'><strong>exploravissent.</strong></span> <span class='ocrx_word' id='word_1_90' title='bbox 573 1275 662 1339; x_wconf 87' lang='lat' dir='ltr'><strong>Nihil</strong></span> <span class='ocrx_word' id='word_1_91' title='bbox 685 1275 783 1358; x_wconf 90' lang='lat' dir='ltr'><strong>igitur</strong></span> <span class='ocrx_word' id='word_1_92' title='bbox 804 1274 926 1353; x_wconf 89' lang='lat' dir='ltr'><strong>mirum,</strong></span> <span class='ocrx_word' id='word_1_93' title='bbox 950 1274 1030 1357; x_wconf 90' lang='lat' dir='ltr'><strong>quod</strong></span> <span class='ocrx_word' id='word_1_94' title='bbox 1053 1273 1155 1358; x_wconf 91' lang='lat' dir='ltr'><strong>poloni</strong></span> <span class='ocrx_word' id='word_1_95' title='bbox 1172 1274 1246 1340; x_wconf 86' lang='lat' dir='ltr'><strong>victi</strong></span> <span class='ocrx_word' id='word_1_96' title='bbox 1266 1293 1392 1357; x_wconf 88' lang='lat' dir='ltr'><strong>supera-</strong></span> 
     </span>
     <span class='ocr_line' id='line_1_13' title="bbox 146 1378 1391 1463; baseline 0.001 -20"><span class='ocrx_word' id='word_1_97' title='bbox 146 1380 235 1462; x_wconf 92' lang='lat' dir='ltr'><strong>tique</strong></span> <span class='ocrx_word' id='word_1_98' title='bbox 256 1398 274 1443; x_wconf 94' lang='lat' dir='ltr'><strong>a</strong></span> <span class='ocrx_word' id='word_1_99' title='bbox 297 1378 406 1444; x_wconf 83' lang='lat' dir='ltr'><strong>Turcis</strong></span> <span class='ocrx_word' id='word_1_100' title='bbox 428 1379 553 1458; x_wconf 88' lang='lat' dir='ltr'><strong>luerint,</strong></span> <span class='ocrx_word' id='word_1_101' title='bbox 578 1380 609 1443; x_wconf 91' lang='lat' dir='ltr'><strong>in</strong></span> <span class='ocrx_word' id='word_1_102' title='bbox 631 1398 693 1463; x_wconf 92' lang='lat' dir='ltr'><strong>qua</strong></span> <span class='ocrx_word' id='word_1_103' title='bbox 714 1378 801 1443; x_wconf 91' lang='lat' dir='ltr'><strong>clade</strong></span> <span class='ocrx_word' id='word_1_104' title='bbox 824 1378 922 1461; x_wconf 90' lang='lat' dir='ltr'><strong>ipsius</strong></span> <span class='ocrx_word' id='word_1_105' title='bbox 943 1378 1039 1462; x_wconf 84' lang='lat' dir='ltr'><strong>Regis</strong></span> <span class='ocrx_word' id='word_1_106' title='bbox 1062 1378 1181 1444; x_wconf 88' lang='lat' dir='ltr'><strong>vitain</strong></span> <span class='ocrx_word' id='word_1_107' title='bbox 1203 1378 1391 1462; x_wconf 86' lang='lat' dir='ltr'><strong>praesentis-</strong></span> 
     </span>
     <span class='ocr_line' id='line_1_14' title="bbox 146 1481 1391 1551; baseline 0 -4"><span class='ocrx_word' id='word_1_108' title='bbox 146 1483 225 1547; x_wconf 93' lang='lat' dir='ltr'><strong>simo</strong></span> <span class='ocrx_word' id='word_1_109' title='bbox 248 1483 430 1548; x_wconf 86' lang='lat' dir='ltr'><strong>versabatur</strong></span> <span class='ocrx_word' id='word_1_110' title='bbox 452 1483 639 1549; x_wconf 83' lang='lat' dir='ltr'><strong>discrimine.</strong></span> <span class='ocrx_word' id='word_1_111' title='bbox 676 1482 743 1551; x_wconf 89' lang='lat' dir='ltr'><strong>Hoc</strong></span> <span class='ocrx_word' id='word_1_112' title='bbox 768 1482 882 1548; x_wconf 88' lang='lat' dir='ltr'><strong>accidit</strong></span> <span class='ocrx_word' id='word_1_113' title='bbox 900 1483 954 1547; x_wconf 87' lang='lat' dir='ltr'><strong>7-a</strong></span> <span class='ocrx_word' id='word_1_114' title='bbox 969 1482 1123 1549; x_wconf 86' lang='lat' dir='ltr'><strong>Octobris.</strong></span> <span class='ocrx_word' id='word_1_115' title='bbox 1158 1482 1223 1547; x_wconf 81' lang='lat' dir='ltr'><strong>Iter</strong></span> <span class='ocrx_word' id='word_1_116' title='bbox 1247 1481 1391 1547; x_wconf 83' lang='lat' dir='ltr'><strong>Pelopiae</strong></span> 
     </span>
     <span class='ocr_line' id='line_1_15' title="bbox 145 1586 1389 1671; baseline -0.002 -20"><span class='ocrx_word' id='word_1_117' title='bbox 145 1589 306 1669; x_wconf 88' lang='lat' dir='ltr'><strong>acceptam</strong></span> <span class='ocrx_word' id='word_1_118' title='bbox 329 1588 467 1670; x_wconf 90' lang='lat' dir='ltr'><strong>stragem</strong></span> <span class='ocrx_word' id='word_1_119' title='bbox 490 1588 642 1670; x_wconf 84' lang='lat' dir='ltr'><strong>externplo</strong></span> <span class='ocrx_word' id='word_1_120' title='bbox 664 1588 787 1653; x_wconf 89' lang='lat' dir='ltr'><strong>ulturus</strong></span> <span class='ocrx_word' id='word_1_121' title='bbox 810 1606 947 1671; x_wconf 92' lang='lat' dir='ltr'><strong>pugnam</strong></span> <span class='ocrx_word' id='word_1_122' title='bbox 970 1586 1144 1651; x_wconf 88' lang='lat' dir='ltr'><strong>instaurare</strong></span> <span class='ocrx_word' id='word_1_123' title='bbox 1167 1586 1312 1664; x_wconf 89' lang='lat' dir='ltr'><strong>decrevit,</strong></span> <span class='ocrx_word' id='word_1_124' title='bbox 1334 1586 1389 1649; x_wconf 89' lang='lat' dir='ltr'><strong>ad-</strong></span> 
     </span>
     <span class='ocr_line' id='line_1_16' title="bbox 145 1688 1388 1783; baseline -0.002 -27"><span class='ocrx_word' id='word_1_125' title='bbox 145 1692 256 1757; x_wconf 80' lang='lat' dir='ltr'><strong>uocato</strong></span> <span class='ocrx_word' id='word_1_126' title='bbox 278 1691 319 1756; x_wconf 87' lang='lat' dir='ltr'><strong>ad</strong></span> <span class='ocrx_word' id='word_1_127' title='bbox 341 1695 496 1759; x_wconf 87' lang='lat' dir='ltr'><strong>certamen</strong></span> <span class='ocrx_word' id='word_1_128' title='bbox 518 1692 702 1783; x_wconf 73' lang='lat' dir='ltr'><strong>caes-mgb</strong></span> <span class='ocrx_word' id='word_1_129' title='bbox 726 1692 870 1757; x_wconf 84' lang='lat' dir='ltr'><strong>exercitu.</strong></span> <span class='ocrx_word' id='word_1_130' title='bbox 909 1690 1121 1756; x_wconf 79' lang='lat' dir='ltr'><strong>Concentratis</strong></span> <span class='ocrx_word' id='word_1_131' title='bbox 1143 1688 1388 1756; x_wconf 83' lang='lat' dir='ltr'><strong>Christianorum</strong></span> 
     </span>
     <span class='ocr_line' id='line_1_17' title="bbox 144 1794 1389 1879; baseline -0.001 -19"><span class='ocrx_word' id='word_1_132' title='bbox 144 1796 284 1861; x_wconf 92' lang='lat' dir='ltr'><strong>militum</strong></span> <span class='ocrx_word' id='word_1_133' title='bbox 312 1796 408 1878; x_wconf 89' lang='lat' dir='ltr'><strong>copiis</strong></span> <span class='ocrx_word' id='word_1_134' title='bbox 437 1796 470 1860; x_wconf 91' lang='lat' dir='ltr'><strong>in</strong></span> <span class='ocrx_word' id='word_1_135' title='bbox 497 1798 606 1861; x_wconf 87' lang='lat' dir='ltr'><strong>mutua</strong></span> <span class='ocrx_word' id='word_1_136' title='bbox 637 1816 707 1862; x_wconf 93' lang='lat' dir='ltr'><strong>cum</strong></span> <span class='ocrx_word' id='word_1_137' title='bbox 735 1796 844 1860; x_wconf 82' lang='lat' dir='ltr'><strong>Carolo</strong></span> <span class='ocrx_word' id='word_1_138' title='bbox 877 1796 1094 1879; x_wconf 78' lang='lat' dir='ltr'><strong>lotharingiae</strong></span> <span class='ocrx_word' id='word_1_139' title='bbox 1119 1795 1214 1872; x_wconf 93' lang='lat' dir='ltr'><strong>Duce,</strong></span> <span class='ocrx_word' id='word_1_140' title='bbox 1237 1794 1389 1859; x_wconf 87' lang='lat' dir='ltr'><strong>Barariae</strong></span> 
     </span>
     <span class='ocr_line' id='line_1_18' title="bbox 143 1898 1390 1985; baseline -0.001 -21"><span class='ocrx_word' id='word_1_141' title='bbox 143 1901 222 1964; x_wconf 89' lang='lat' dir='ltr'><strong>item</strong></span> <span class='ocrx_word' id='word_1_142' title='bbox 246 1900 387 1964; x_wconf 79' lang='lat' dir='ltr'><strong>Electore</strong></span> <span class='ocrx_word' id='word_1_143' title='bbox 407 1900 660 1985; x_wconf 85' lang='lat' dir='ltr'><strong>cointelligentia,</strong></span> <span class='ocrx_word' id='word_1_144' title='bbox 687 1902 750 1965; x_wconf 80' lang='lat' dir='ltr'><strong>lter</strong></span> <span class='ocrx_word' id='word_1_145' title='bbox 770 1901 886 1965; x_wconf 81' lang='lat' dir='ltr'><strong>Parcas</strong></span> <span class='ocrx_word' id='word_1_146' title='bbox 910 1902 966 1965; x_wconf 87' lang='lat' dir='ltr'><strong>9-a</strong></span> <span class='ocrx_word' id='word_1_147' title='bbox 988 1900 1130 1965; x_wconf 86' lang='lat' dir='ltr'><strong>Octobris</strong></span> <span class='ocrx_word' id='word_1_148' title='bbox 1154 1898 1390 1984; x_wconf 88' lang='lat' dir='ltr'><strong>aggressusest</strong></span> 
     </span>
     <span class='ocr_line' id='line_1_19' title="bbox 144 2002 1388 2089; baseline -0.001 -21"><span class='ocrx_word' id='word_1_149' title='bbox 144 2004 236 2068; x_wconf 88' lang='lat' dir='ltr'><strong>tanta</strong></span> <span class='ocrx_word' id='word_1_150' title='bbox 267 2004 311 2082; x_wconf 88' lang='lat' dir='ltr'><strong>vi,</strong></span> <span class='ocrx_word' id='word_1_151' title='bbox 348 2021 442 2087; x_wconf 91' lang='lat' dir='ltr'><strong>eoque</strong></span> <span class='ocrx_word' id='word_1_152' title='bbox 472 2004 600 2082; x_wconf 87' lang='lat' dir='ltr'><strong>effectu,</strong></span> <span class='ocrx_word' id='word_1_153' title='bbox 631 2007 667 2068; x_wconf 90' lang='lat' dir='ltr'><strong>ut</strong></span> <span class='ocrx_word' id='word_1_154' title='bbox 695 2005 793 2069; x_wconf 91' lang='lat' dir='ltr'><strong>bostis</strong></span> <span class='ocrx_word' id='word_1_155' title='bbox 815 2024 874 2069; x_wconf 90' lang='lat' dir='ltr'><strong>non</strong></span> <span class='ocrx_word' id='word_1_156' title='bbox 903 2006 1002 2070; x_wconf 91' lang='lat' dir='ltr'><strong>solum</strong></span> <span class='ocrx_word' id='word_1_157' title='bbox 1025 2005 1251 2089; x_wconf 88' lang='lat' dir='ltr'><strong>profligaretur,</strong></span> <span class='ocrx_word' id='word_1_158' title='bbox 1274 2003 1326 2069; x_wconf 89' lang='lat' dir='ltr'><strong>scd</strong></span> <span class='ocrx_word' id='word_1_159' title='bbox 1350 2002 1388 2069; x_wconf 90' lang='lat' dir='ltr'><strong>ad</strong></span> 
     </span>
     <span class='ocr_line' id='line_1_20' title="bbox 144 2108 1390 2194; baseline 0.001 -23"><span class='ocrx_word' id='word_1_160' title='bbox 144 2108 384 2173; x_wconf 84' lang='lat' dir='ltr'><strong>internecionem</strong></span> <span class='ocrx_word' id='word_1_161' title='bbox 416 2108 579 2173; x_wconf 90' lang='lat' dir='ltr'><strong>deleretur.</strong></span> <span class='ocrx_word' id='word_1_162' title='bbox 626 2110 770 2175; x_wconf 87' lang='lat' dir='ltr'><strong>Atrocem</strong></span> <span class='ocrx_word' id='word_1_163' title='bbox 806 2110 884 2174; x_wconf 90' lang='lat' dir='ltr'><strong>hanc</strong></span> <span class='ocrx_word' id='word_1_164' title='bbox 916 2110 954 2173; x_wconf 90' lang='lat' dir='ltr'><strong>ad</strong></span> <span class='ocrx_word' id='word_1_165' title='bbox 985 2110 1130 2194; x_wconf 80' lang='lat' dir='ltr'><strong>Ptrktny</strong></span> <span class='ocrx_word' id='word_1_166' title='bbox 1156 2128 1293 2194; x_wconf 88' lang='lat' dir='ltr'><strong>pugnam</strong></span> <span class='ocrx_word' id='word_1_167' title='bbox 1325 2108 1390 2173; x_wconf 82' lang='lat' dir='ltr'><strong>Rex</strong></span> 
     </span>
     <span class='ocr_line' id='line_1_21' title="bbox 145 2212 1389 2296; baseline -0.001 -20"><span class='ocrx_word' id='word_1_168' title='bbox 145 2213 223 2295; x_wconf 91' lang='lat' dir='ltr'><strong>ipse,</strong></span> <span class='ocrx_word' id='word_1_169' title='bbox 244 2212 327 2277; x_wconf 87' lang='lat' dir='ltr'><strong>datis</strong></span> <span class='ocrx_word' id='word_1_170' title='bbox 348 2213 487 2295; x_wconf 83' lang='lat' dir='ltr'><strong>sequenti</strong></span> <span class='ocrx_word' id='word_1_171' title='bbox 510 2213 568 2291; x_wconf 88' lang='lat' dir='ltr'><strong>die,</strong></span> <span class='ocrx_word' id='word_1_172' title='bbox 589 2232 697 2296; x_wconf 91' lang='lat' dir='ltr'><strong>nempe</strong></span> <span class='ocrx_word' id='word_1_173' title='bbox 724 2214 773 2278; x_wconf 86' lang='lat'><strong>10.</strong></span> <span class='ocrx_word' id='word_1_174' title='bbox 795 2213 937 2279; x_wconf 89' lang='lat' dir='ltr'><strong>Octobris</strong></span> <span class='ocrx_word' id='word_1_175' title='bbox 955 2214 993 2279; x_wconf 92' lang='lat' dir='ltr'><strong>ad</strong></span> <span class='ocrx_word' id='word_1_176' title='bbox 1011 2212 1207 2279; x_wconf 66' lang='lat' dir='ltr'><strong>cardinalem</strong></span> <span class='ocrx_word' id='word_1_177' title='bbox 1229 2214 1389 2277; x_wconf 87' lang='lat' dir='ltr'><strong>Barberini</strong></span> 
     </span>
     <span class='ocr_line' id='line_1_22' title="bbox 145 2316 1387 2401; baseline 0.003 -21"><span class='ocrx_word' id='word_1_178' title='bbox 145 2317 264 2381; x_wconf 88' lang='lat' dir='ltr'><strong>litteris</strong></span> <span class='ocrx_word' id='word_1_179' title='bbox 287 2316 326 2381; x_wconf 87' lang='lat' dir='ltr'><strong>ad</strong></span> <span class='ocrx_word' id='word_1_180' title='bbox 350 2317 454 2382; x_wconf 85' lang='lat' dir='ltr'><strong>rivum</strong></span> <span class='ocrx_word' id='word_1_181' title='bbox 478 2317 640 2397; x_wconf 89' lang='lat' dir='ltr'><strong>describit,</strong></span> <span class='ocrx_word' id='word_1_182' title='bbox 672 2337 805 2401; x_wconf 90' lang='lat' dir='ltr'><strong>quarum</strong></span> <span class='ocrx_word' id='word_1_183' title='bbox 828 2319 916 2383; x_wconf 90' lang='lat' dir='ltr'><strong>tenor</strong></span> <span class='ocrx_word' id='word_1_184' title='bbox 942 2320 989 2382; x_wconf 89' lang='lat' dir='ltr'><strong>est</strong></span> <span class='ocrx_word' id='word_1_185' title='bbox 1018 2336 1163 2401; x_wconf 89' lang='lat' dir='ltr'><strong>sequens:</strong></span> <span class='ocrx_word' id='word_1_186' title='bbox 1197 2318 1306 2383; x_wconf 82' lang='lat' dir='ltr'><strong>›lllme</strong></span> <span class='ocrx_word' id='word_1_187' title='bbox 1329 2318 1387 2384; x_wconf 89' lang='lat' dir='ltr'><strong>etc.</strong></span> 
     </span>
     <span class='ocr_line' id='line_1_23' title="bbox 144 2418 1389 2504; baseline 0.001 -20"><span class='ocrx_word' id='word_1_188' title='bbox 144 2420 230 2484; x_wconf 91' lang='lat' dir='ltr'><strong>Dum</strong></span> <span class='ocrx_word' id='word_1_189' title='bbox 254 2420 293 2485; x_wconf 91' lang='lat' dir='ltr'><strong>ad</strong></span> <span class='ocrx_word' id='word_1_190' title='bbox 316 2418 368 2486; x_wconf 83' lang='lat' dir='ltr'><strong>SS.</strong></span> <span class='ocrx_word' id='word_1_191' title='bbox 392 2421 515 2485; x_wconf 88' lang='lat' dir='ltr'><strong>Limina</strong></span> <span class='ocrx_word' id='word_1_192' title='bbox 547 2422 764 2504; x_wconf 87' lang='lat' dir='ltr'><strong>Apostolorum</strong></span> <span class='ocrx_word' id='word_1_193' title='bbox 792 2422 958 2487; x_wconf 87' lang='lat' dir='ltr'><strong>secundam</strong></span> <span class='ocrx_word' id='word_1_194' title='bbox 989 2422 1122 2487; x_wconf 86' lang='lat' dir='ltr'><strong>marimo</strong></span> <span class='ocrx_word' id='word_1_195' title='bbox 1154 2423 1313 2487; x_wconf 88' lang='lat' dir='ltr'><strong>cruentam</strong></span> <span class='ocrx_word' id='word_1_196' title='bbox 1336 2440 1389 2503; x_wconf 90' lang='lat' dir='ltr'><strong>per</strong></span> 
     </span>
     <span class='ocr_line' id='line_1_24' title="bbox 143 2524 1389 2609; baseline 0.002 -20"><span class='ocrx_word' id='word_1_197' title='bbox 143 2524 337 2607; x_wconf 87' lang='lat' dir='ltr'><strong>Ablegatum</strong></span> <span class='ocrx_word' id='word_1_198' title='bbox 371 2525 520 2591; x_wconf 88' lang='lat' dir='ltr'><strong>Nostrum</strong></span> <span class='ocrx_word' id='word_1_199' title='bbox 555 2526 595 2591; x_wconf 93' lang='lat' dir='ltr'><strong>ad</strong></span> <span class='ocrx_word' id='word_1_200' title='bbox 635 2526 813 2590; x_wconf 86' lang='lat' dir='ltr'><strong>Barkanum</strong></span> <span class='ocrx_word' id='word_1_201' title='bbox 846 2527 879 2591; x_wconf 93' lang='lat' dir='ltr'><strong>in</strong></span> <span class='ocrx_word' id='word_1_202' title='bbox 910 2526 1015 2591; x_wconf 92' lang='lat' dir='ltr'><strong>littore</strong></span> <span class='ocrx_word' id='word_1_203' title='bbox 1047 2526 1183 2591; x_wconf 89' lang='lat' dir='ltr'><strong>Danubii</strong></span> <span class='ocrx_word' id='word_1_204' title='bbox 1215 2545 1231 2591; x_wconf 91' lang='lat' dir='ltr'><strong>e</strong></span> <span class='ocrx_word' id='word_1_205' title='bbox 1265 2526 1389 2609; x_wconf 89' lang='lat' dir='ltr'><strong>regione</strong></span> 
     </span>
     <span class='ocr_line' id='line_1_25' title="bbox 143 2628 1389 2712; baseline 0 -17"><span class='ocrx_word' id='word_1_206' title='bbox 143 2628 295 2712; x_wconf 84' lang='lat' dir='ltr'><strong>Strigonii</strong></span> <span class='ocrx_word' id='word_1_207' title='bbox 315 2631 438 2712; x_wconf 89' lang='lat' dir='ltr'><strong>captam</strong></span> <span class='ocrx_word' id='word_1_208' title='bbox 457 2630 584 2695; x_wconf 89' lang='lat' dir='ltr'><strong>ferimus</strong></span> <span class='ocrx_word' id='word_1_209' title='bbox 604 2630 775 2705; x_wconf 86' lang='lat' dir='ltr'><strong>victoriam,</strong></span> <span class='ocrx_word' id='word_1_210' title='bbox 799 2630 927 2696; x_wconf 90' lang='lat' dir='ltr'><strong>eandem</strong></span> <span class='ocrx_word' id='word_1_211' title='bbox 952 2630 1133 2695; x_wconf 86' lang='lat' dir='ltr'><strong>Illustritati</strong></span> <span class='ocrx_word' id='word_1_212' title='bbox 1154 2631 1282 2695; x_wconf 86' lang='lat' dir='ltr'><strong>Vestrae</strong></span> <span class='ocrx_word' id='word_1_213' title='bbox 1305 2648 1389 2695; x_wconf 88' lang='lat' dir='ltr'><strong>oom-</strong></span> 
     </span>
     <span class='ocr_line' id='line_1_26' title="bbox 144 2732 1389 2819; baseline 0.002 -22"><span class='ocrx_word' id='word_1_214' title='bbox 144 2732 348 2799; x_wconf 90' lang='lat' dir='ltr'><strong>municamus.</strong></span> <span class='ocrx_word' id='word_1_215' title='bbox 393 2734 465 2799; x_wconf 91' lang='lat' dir='ltr'><strong>Non</strong></span> <span class='ocrx_word' id='word_1_216' title='bbox 484 2734 599 2813; x_wconf 89' lang='lat' dir='ltr'><strong>Nobis,</strong></span> <span class='ocrx_word' id='word_1_217' title='bbox 623 2754 681 2799; x_wconf 92' lang='lat' dir='ltr'><strong>non</strong></span> <span class='ocrx_word' id='word_1_218' title='bbox 704 2734 818 2813; x_wconf 81' lang='lat' dir='ltr'><strong>Nobis,</strong></span> <span class='ocrx_word' id='word_1_219' title='bbox 843 2734 897 2801; x_wconf 85' lang='lat' dir='ltr'><strong>sed</strong></span> <span class='ocrx_word' id='word_1_220' title='bbox 920 2736 1047 2801; x_wconf 86' lang='lat' dir='ltr'><strong>Nemini</strong></span> <span class='ocrx_word' id='word_1_221' title='bbox 1070 2756 1124 2801; x_wconf 91' lang='lat' dir='ltr'><strong>suo</strong></span> <span class='ocrx_word' id='word_1_222' title='bbox 1147 2735 1234 2801; x_wconf 89' lang='lat' dir='ltr'><strong>dedit</strong></span> <span class='ocrx_word' id='word_1_223' title='bbox 1257 2734 1389 2819; x_wconf 91' lang='lat' dir='ltr'><strong>gloriam</strong></span> 
     </span>
     <span class='ocr_line' id='line_1_27' title="bbox 144 2837 1389 2923; baseline 0.002 -22"><span class='ocrx_word' id='word_1_224' title='bbox 144 2837 297 2902; x_wconf 90' lang='lat' dir='ltr'><strong>Dominus</strong></span> <span class='ocrx_word' id='word_1_225' title='bbox 327 2838 525 2904; x_wconf 84' lang='lat' dir='ltr'><strong>exercituum.</strong></span> <span class='ocrx_word' id='word_1_226' title='bbox 571 2840 655 2903; x_wconf 89' lang='lat' dir='ltr'><strong>Dum</strong></span> <span class='ocrx_word' id='word_1_227' title='bbox 687 2840 893 2904; x_wconf 85' lang='lat' dir='ltr'><strong>insistendum</strong></span> <span class='ocrx_word' id='word_1_228' title='bbox 921 2840 1068 2905; x_wconf 89' lang='lat' dir='ltr'><strong>victoriae</strong></span> <span class='ocrx_word' id='word_1_229' title='bbox 1092 2843 1159 2906; x_wconf 92' lang='lat' dir='ltr'><strong>rato</strong></span> <span class='ocrx_word' id='word_1_230' title='bbox 1181 2840 1299 2923; x_wconf 89' lang='lat' dir='ltr'><strong>praeire</strong></span> <span class='ocrx_word' id='word_1_231' title='bbox 1322 2839 1389 2922; x_wconf 94' lang='lat' dir='ltr'><strong>pla·</strong></span> 
     </span>
     <span class='ocr_line' id='line_1_28' title="bbox 145 2942 1388 3028; baseline -0.001 -21"><span class='ocrx_word' id='word_1_232' title='bbox 145 2942 211 3007; x_wconf 81' lang='lat' dir='ltr'><strong>cruit</strong></span> <span class='ocrx_word' id='word_1_233' title='bbox 240 2942 430 3010; x_wconf 84' lang='lat' dir='ltr'><strong>validissimo</strong></span> <span class='ocrx_word' id='word_1_234' title='bbox 461 2944 662 3025; x_wconf 87' lang='lat' dir='ltr'><strong>imperatorio</strong></span> <span class='ocrx_word' id='word_1_235' title='bbox 697 2945 862 3023; x_wconf 83' lang='lat' dir='ltr'><strong>exercitui,</strong></span> <span class='ocrx_word' id='word_1_236' title='bbox 898 2946 1042 3028; x_wconf 88' lang='lat' dir='ltr'><strong>superato</strong></span> <span class='ocrx_word' id='word_1_237' title='bbox 1070 2964 1124 3027; x_wconf 95' lang='lat' dir='ltr'><strong>pro</strong></span> <span class='ocrx_word' id='word_1_238' title='bbox 1158 2943 1388 3027; x_wconf 90' lang='lat' dir='ltr'><strong>opportunitate</strong></span> 
     </span>
     <span class='ocr_line' id='line_1_29' title="bbox 144 3046 1388 3131; baseline -0.001 -20"><span class='ocrx_word' id='word_1_239' title='bbox 144 3046 291 3130; x_wconf 89' lang='lat' dir='ltr'><strong>pontibus</strong></span> <span class='ocrx_word' id='word_1_240' title='bbox 314 3048 401 3111; x_wconf 83' lang='lat' dir='ltr'><strong>vadis</strong></span> <span class='ocrx_word' id='word_1_241' title='bbox 422 3048 605 3131; x_wconf 87' lang='lat' dir='ltr'><strong>scaphisque</strong></span> <span class='ocrx_word' id='word_1_242' title='bbox 625 3048 776 3127; x_wconf 90' lang='lat' dir='ltr'><strong>Danubio,</strong></span> <span class='ocrx_word' id='word_1_243' title='bbox 795 3050 914 3113; x_wconf 85' lang='lat' dir='ltr'><strong>hostem</strong></span> <span class='ocrx_word' id='word_1_244' title='bbox 932 3049 970 3113; x_wconf 90' lang='lat' dir='ltr'><strong>ad</strong></span> <span class='ocrx_word' id='word_1_245' title='bbox 987 3050 1131 3113; x_wconf 88' lang='lat' dir='ltr'><strong>Barchan</strong></span> <span class='ocrx_word' id='word_1_246' title='bbox 1150 3048 1264 3113; x_wconf 90' lang='lat' dir='ltr'><strong>iterum</strong></span> <span class='ocrx_word' id='word_1_247' title='bbox 1287 3046 1388 3111; x_wconf 90' lang='lat' dir='ltr'><strong>adorti</strong></span> 
     </span>
     <span class='ocr_line' id='line_1_30' title="bbox 144 3151 1388 3235; baseline 0 -21"><span class='ocrx_word' id='word_1_248' title='bbox 144 3170 269 3229; x_wconf 90' lang='lat' dir='ltr'><strong>sumus,</strong></span> <span class='ocrx_word' id='word_1_249' title='bbox 300 3152 354 3233; x_wconf 92' lang='lat' dir='ltr'><strong>qui</strong></span> <span class='ocrx_word' id='word_1_250' title='bbox 388 3152 453 3216; x_wconf 89' lang='lat' dir='ltr'><strong>dies</strong></span> <span class='ocrx_word' id='word_1_251' title='bbox 484 3154 551 3217; x_wconf 88' lang='lat' dir='ltr'><strong>erat</strong></span> <span class='ocrx_word' id='word_1_252' title='bbox 575 3152 664 3218; x_wconf 84' lang='lat' dir='ltr'><strong>Jovis</strong></span> <span class='ocrx_word' id='word_1_253' title='bbox 693 3152 829 3235; x_wconf 80' lang='lat' dir='ltr'><strong>proxime</strong></span> <span class='ocrx_word' id='word_1_254' title='bbox 859 3152 1060 3235; x_wconf 86' lang='lat' dir='ltr'><strong>praeteritus,</strong></span> <span class='ocrx_word' id='word_1_255' title='bbox 1086 3154 1117 3217; x_wconf 93' lang='lat' dir='ltr'><strong>et</strong></span> <span class='ocrx_word' id='word_1_256' title='bbox 1148 3151 1301 3216; x_wconf 84' lang='lat' dir='ltr'><strong>afflixerat</strong></span> <span class='ocrx_word' id='word_1_257' title='bbox 1323 3151 1388 3215; x_wconf 90' lang='lat' dir='ltr'><strong>Nos</strong></span> 
     </span>
     <span class='ocr_line' id='line_1_31' title="bbox 145 3254 1388 3339; baseline 0 -20"><span class='ocrx_word' id='word_1_258' title='bbox 145 3254 286 3320; x_wconf 87' lang='lat' dir='ltr'><strong>nonnihil</strong></span> <span class='ocrx_word' id='word_1_259' title='bbox 316 3257 573 3339; x_wconf 84' lang='lat' dir='ltr'><strong>stratagemmate</strong></span> <span class='ocrx_word' id='word_1_260' title='bbox 607 3257 713 3321; x_wconf 89' lang='lat' dir='ltr'><strong>hostili</strong></span> <span class='ocrx_word' id='word_1_261' title='bbox 743 3257 884 3321; x_wconf 88' lang='lat' dir='ltr'><strong>infestus.</strong></span> <span class='ocrx_word' id='word_1_262' title='bbox 932 3257 1077 3321; x_wconf 89' lang='lat' dir='ltr'><strong>Delatum</strong></span> <span class='ocrx_word' id='word_1_263' title='bbox 1117 3260 1164 3321; x_wconf 91' lang='lat' dir='ltr'><strong>est</strong></span> <span class='ocrx_word' id='word_1_264' title='bbox 1196 3254 1388 3321; x_wconf 86' lang='lat' dir='ltr'><strong>Sabbathum</strong></span> 
     </span>
     <span class='ocr_line' id='line_1_32' title="bbox 144 3359 1390 3445; baseline 0.001 -21"><span class='ocrx_word' id='word_1_265' title='bbox 144 3360 299 3442; x_wconf 91' lang='lat' dir='ltr'><strong>Deiparae</strong></span> <span class='ocrx_word' id='word_1_266' title='bbox 329 3359 453 3445; x_wconf 89' lang='lat' dir='ltr'><strong>Virgini</strong></span> <span class='ocrx_word' id='word_1_267' title='bbox 483 3360 707 3426; x_wconf 90' lang='lat' dir='ltr'><strong>Immaculatae</strong></span> <span class='ocrx_word' id='word_1_268' title='bbox 734 3380 866 3427; x_wconf 87' lang='lat' dir='ltr'><strong>sacrum.</strong></span> <span class='ocrx_word' id='word_1_269' title='bbox 913 3359 1068 3425; x_wconf 82' lang='lat' dir='ltr'><strong>Tumidos</strong></span> <span class='ocrx_word' id='word_1_270' title='bbox 1083 3361 1164 3426; x_wconf 91' lang='lat' dir='ltr'><strong>enim</strong></span> <span class='ocrx_word' id='word_1_271' title='bbox 1192 3361 1290 3426; x_wconf 90' lang='lat' dir='ltr'><strong>hostis</strong></span> <span class='ocrx_word' id='word_1_272' title='bbox 1313 3380 1390 3443; x_wconf 89' lang='lat' dir='ltr'><strong>qua·</strong></span> 
     </span>
     <span class='ocr_line' id='line_1_33' title="bbox 144 3464 1389 3549; baseline 0 -20"><span class='ocrx_word' id='word_1_273' title='bbox 144 3467 217 3529; x_wconf 90' lang='lat' dir='ltr'><strong>tuor</strong></span> <span class='ocrx_word' id='word_1_274' title='bbox 239 3465 406 3529; x_wconf 89' lang='lat' dir='ltr'><strong>Passarum</strong></span> <span class='ocrx_word' id='word_1_275' title='bbox 429 3465 539 3530; x_wconf 86' lang='lat' dir='ltr'><strong>validis</strong></span> <span class='ocrx_word' id='word_1_276' title='bbox 569 3466 681 3548; x_wconf 89' lang='lat' dir='ltr'><strong>copiis,</strong></span> <span class='ocrx_word' id='word_1_277' title='bbox 706 3484 775 3529; x_wconf 91' lang='lat' dir='ltr'><strong>cum</strong></span> <span class='ocrx_word' id='word_1_278' title='bbox 810 3465 928 3530; x_wconf 90' lang='lat' dir='ltr'><strong>Vesirio</strong></span> <span class='ocrx_word' id='word_1_279' title='bbox 964 3465 1113 3544; x_wconf 88' lang='lat' dir='ltr'><strong>Budensi,</strong></span> <span class='ocrx_word' id='word_1_280' title='bbox 1147 3484 1222 3549; x_wconf 90' lang='lat' dir='ltr'><strong>quos</strong></span> <span class='ocrx_word' id='word_1_281' title='bbox 1254 3465 1292 3547; x_wconf 88' lang='lat' dir='ltr'><strong>ad</strong></span> <span class='ocrx_word' id='word_1_282' title='bbox 1314 3464 1389 3529; x_wconf 88' lang='lat' dir='ltr'><strong>alios</strong></span> 
     </span>
     <span class='ocr_line' id='line_1_34' title="bbox 144 3553 1389 3653; baseline 0 -20"><span class='ocrx_word' id='word_1_283' title='bbox 144 3570 210 3633; x_wconf 90' lang='lat' dir='ltr'><strong>tres</strong></span> <span class='ocrx_word' id='word_1_284' title='bbox 230 3554 344 3633; x_wconf 85' lang='lat' dir='ltr'><strong>Passas</strong></span> <span class='ocrx_word' id='word_1_285' title='bbox 368 3570 507 3634; x_wconf 88' lang='lat' dir='ltr'><strong>Vesirius</strong></span> <span class='ocrx_word' id='word_1_286' title='bbox 529 3570 696 3653; x_wconf 82' lang='lat' dir='ltr'><strong>Supremas</strong></span> <span class='ocrx_word' id='word_1_287' title='bbox 718 3568 818 3652; x_wconf 89' lang='lat' dir='ltr'><strong>pridie</strong></span> <span class='ocrx_word' id='word_1_288' title='bbox 841 3553 1023 3649; x_wconf 88' lang='lat' dir='ltr'><strong>sumiserat,</strong></span> <span class='ocrx_word' id='word_1_289' title='bbox 1057 3572 1093 3637; x_wconf 86' lang='lat' dir='ltr'><strong>ut</strong></span> <span class='ocrx_word' id='word_1_290' title='bbox 1115 3570 1389 3635; x_wconf 89' lang='lat' dir='ltr'><strong>selectissimorum</strong></span> 
     </span>
     <span class='ocr_line' id='line_1_35' title="bbox 145 3673 1389 3757; baseline 0.001 -20"><span class='ocrx_word' id='word_1_291' title='bbox 145 3692 307 3738; x_wconf 88' lang='lat' dir='ltr'><strong>numerum</strong></span> <span class='ocrx_word' id='word_1_292' title='bbox 331 3674 395 3739; x_wconf 84' lang='lat' dir='ltr'><strong>lere</strong></span> <span class='ocrx_word' id='word_1_293' title='bbox 414 3673 454 3738; x_wconf 87' lang='lat' dir='ltr'><strong>ad</strong></span> <span class='ocrx_word' id='word_1_294' title='bbox 475 3674 587 3757; x_wconf 87' lang='lat' dir='ltr'><strong>viginti</strong></span> <span class='ocrx_word' id='word_1_295' title='bbox 609 3674 710 3739; x_wconf 91' lang='lat' dir='ltr'><strong>millia</strong></span> <span class='ocrx_word' id='word_1_296' title='bbox 732 3676 957 3757; x_wconf 89' lang='lat' dir='ltr'><strong>computarent,</strong></span> <span class='ocrx_word' id='word_1_297' title='bbox 978 3674 1086 3739; x_wconf 91' lang='lat' dir='ltr'><strong>mutua</strong></span> <span class='ocrx_word' id='word_1_298' title='bbox 1098 3694 1173 3752; x_wconf 88' lang='lat' dir='ltr'><strong>cum</strong></span> <span class='ocrx_word' id='word_1_299' title='bbox 1189 3673 1389 3741; x_wconf 72' lang='lat' dir='ltr'><strong>serenissimo</strong></span> 
     </span>
     <span class='ocr_line' id='line_1_36' title="bbox 145 3776 1388 3862; baseline 0.002 -21"><span class='ocrx_word' id='word_1_300' title='bbox 145 3776 291 3860; x_wconf 88' lang='lat' dir='ltr'><strong>Principe</strong></span> <span class='ocrx_word' id='word_1_301' title='bbox 313 3777 504 3862; x_wconf 85' lang='lat' dir='ltr'><strong>Letharingo</strong></span> <span class='ocrx_word' id='word_1_302' title='bbox 527 3779 679 3844; x_wconf 82' lang='lat' dir='ltr'><strong>exercitus</strong></span> <span class='ocrx_word' id='word_1_303' title='bbox 704 3779 905 3861; x_wconf 88' lang='lat' dir='ltr'><strong>Imperatoris</strong></span> <span class='ocrx_word' id='word_1_304' title='bbox 936 3778 1175 3845; x_wconf 78' lang='lat' dir='ltr'><strong>Generalissimc</strong></span> <span class='ocrx_word' id='word_1_305' title='bbox 1196 3777 1388 3856; x_wconf 88' lang='lat' dir='ltr'><strong>fortitudine,</strong></span> 
     </span>
     <span class='ocr_line' id='line_1_37' title="bbox 145 3882 1389 3965; baseline 0.001 -19"><span class='ocrx_word' id='word_1_306' title='bbox 145 3902 204 3947; x_wconf 88' lang='lat' dir='ltr'><strong>oon</strong></span> <span class='ocrx_word' id='word_1_307' title='bbox 227 3882 356 3965; x_wconf 83' lang='lat' dir='ltr'><strong>fugatus</strong></span> <span class='ocrx_word' id='word_1_308' title='bbox 376 3883 500 3948; x_wconf 88' lang='lat' dir='ltr'><strong>tantum</strong></span> <span class='ocrx_word' id='word_1_309' title='bbox 524 3883 577 3949; x_wconf 90' lang='lat' dir='ltr'><strong>sed</strong></span> <span class='ocrx_word' id='word_1_310' title='bbox 600 3888 707 3948; x_wconf 89' lang='lat' dir='ltr'><strong>caesus</strong></span> <span class='ocrx_word' id='word_1_311' title='bbox 727 3885 776 3948; x_wconf 89' lang='lat' dir='ltr'><strong>est</strong></span> <span class='ocrx_word' id='word_1_312' title='bbox 798 3885 829 3949; x_wconf 89' lang='lat' dir='ltr'><strong>et</strong></span> <span class='ocrx_word' id='word_1_313' title='bbox 847 3884 885 3947; x_wconf 88' lang='lat' dir='ltr'><strong>ad</strong></span> <span class='ocrx_word' id='word_1_314' title='bbox 900 3883 1141 3949; x_wconf 89' lang='lat' dir='ltr'><strong>internecionem</strong></span> <span class='ocrx_word' id='word_1_315' title='bbox 1156 3884 1285 3950; x_wconf 86' lang='lat' dir='ltr'><strong>deletus.</strong></span> <span class='ocrx_word' id='word_1_316' title='bbox 1308 3884 1389 3947; x_wconf 86' lang='lat' dir='ltr'><strong>Der·</strong></span> 
     </span>
     <span class='ocr_line' id='line_1_38' title="bbox 145 3986 1389 4071; baseline -0.002 -19"><span class='ocrx_word' id='word_1_317' title='bbox 145 3988 214 4052; x_wconf 89' lang='lat' dir='ltr'><strong>tera</strong></span> <span class='ocrx_word' id='word_1_318' title='bbox 236 3986 361 4052; x_wconf 91' lang='lat' dir='ltr'><strong>Domini</strong></span> <span class='ocrx_word' id='word_1_319' title='bbox 388 4006 466 4069; x_wconf 91' lang='lat' dir='ltr'><strong>quae</strong></span> <span class='ocrx_word' id='word_1_320' title='bbox 493 4008 603 4053; x_wconf 91' lang='lat' dir='ltr'><strong>manus</strong></span> <span class='ocrx_word' id='word_1_321' title='bbox 633 3990 737 4053; x_wconf 90' lang='lat' dir='ltr'><strong>armat</strong></span> <span class='ocrx_word' id='word_1_322' title='bbox 767 3988 805 4052; x_wconf 85' lang='lat' dir='ltr'><strong>ad</strong></span> <span class='ocrx_word' id='word_1_323' title='bbox 838 3988 1004 4071; x_wconf 88' lang='lat' dir='ltr'><strong>proelium,</strong></span> <span class='ocrx_word' id='word_1_324' title='bbox 1027 3986 1103 4053; x_wconf 82' lang='lat' dir='ltr'><strong>iecit</strong></span> <span class='ocrx_word' id='word_1_325' title='bbox 1127 3988 1283 4055; x_wconf 89' lang='lat' dir='ltr'><strong>virtutem.</strong></span> <span class='ocrx_word' id='word_1_326' title='bbox 1329 3986 1389 4067; x_wconf 81' lang='lat' dir='ltr'><strong>Qui</strong></span> 
     </span>
     <span class='ocr_line' id='line_1_39' title="bbox 145 4090 1388 4176; baseline -0.001 -22"><span class='ocrx_word' id='word_1_327' title='bbox 145 4110 278 4173; x_wconf 90' lang='lat' dir='ltr'><strong>namque</strong></span> <span class='ocrx_word' id='word_1_328' title='bbox 300 4090 376 4175; x_wconf 86' lang='lat' dir='ltr'><strong>fuga</strong></span> <span class='ocrx_word' id='word_1_329' title='bbox 398 4092 494 4175; x_wconf 89' lang='lat' dir='ltr'><strong>elapsi</strong></span> <span class='ocrx_word' id='word_1_330' title='bbox 515 4093 548 4157; x_wconf 92' lang='lat' dir='ltr'><strong>in</strong></span> <span class='ocrx_word' id='word_1_331' title='bbox 569 4093 693 4157; x_wconf 86' lang='lat' dir='ltr'><strong>Barkan</strong></span> <span class='ocrx_word' id='word_1_332' title='bbox 717 4112 750 4157; x_wconf 92' lang='lat' dir='ltr'><strong>se</strong></span> <span class='ocrx_word' id='word_1_333' title='bbox 779 4093 912 4176; x_wconf 90' lang='lat' dir='ltr'><strong>recipere</strong></span> <span class='ocrx_word' id='word_1_334' title='bbox 937 4092 1131 4159; x_wconf 76' lang='lat' dir='ltr'><strong>&#39;conabantur</strong></span> <span class='ocrx_word' id='word_1_335' title='bbox 1158 4092 1206 4159; x_wconf 83' lang='lat' dir='ltr'><strong>rel</strong></span> <span class='ocrx_word' id='word_1_336' title='bbox 1233 4092 1326 4175; x_wconf 89' lang='lat' dir='ltr'><strong>ponte</strong></span> <span class='ocrx_word' id='word_1_337' title='bbox 1348 4090 1388 4155; x_wconf 89' lang='lat' dir='ltr'><strong>ad</strong></span> 
     </span>
     <span class='ocr_line' id='line_1_40' title="bbox 146 4194 1389 4281; baseline -0.001 -21"><span class='ocrx_word' id='word_1_338' title='bbox 146 4194 282 4260; x_wconf 86' lang='lat' dir='ltr'><strong>ricinum</strong></span> <span class='ocrx_word' id='word_1_339' title='bbox 305 4214 321 4261; x_wconf 92' lang='lat' dir='ltr'><strong>e</strong></span> <span class='ocrx_word' id='word_1_340' title='bbox 343 4196 468 4280; x_wconf 89' lang='lat' dir='ltr'><strong>regione</strong></span> <span class='ocrx_word' id='word_1_341' title='bbox 492 4194 692 4280; x_wconf 82' lang='lat' dir='ltr'><strong>Strigonium,</strong></span> <span class='ocrx_word' id='word_1_342' title='bbox 717 4197 832 4263; x_wconf 88' lang='lat' dir='ltr'><strong>salvari</strong></span> <span class='ocrx_word' id='word_1_343' title='bbox 854 4197 978 4263; x_wconf 91' lang='lat' dir='ltr'><strong>turbam</strong></span> <span class='ocrx_word' id='word_1_344' title='bbox 1001 4197 1171 4281; x_wconf 86' lang='lat' dir='ltr'><strong>fugientem</strong></span> <span class='ocrx_word' id='word_1_345' title='bbox 1194 4195 1278 4261; x_wconf 91' lang='lat' dir='ltr'><strong>haud</strong></span> <span class='ocrx_word' id='word_1_346' title='bbox 1294 4195 1389 4261; x_wconf 88' lang='lat' dir='ltr'><strong>susti·</strong></span> 
     </span>
     <span class='ocr_line' id='line_1_41' title="bbox 146 4299 1389 4385; baseline 0.002 -22"><span class='ocrx_word' id='word_1_347' title='bbox 146 4318 218 4365; x_wconf 90' lang='lat' dir='ltr'><strong>nere</strong></span> <span class='ocrx_word' id='word_1_348' title='bbox 240 4299 348 4378; x_wconf 85' lang='lat' dir='ltr'><strong>voluit,</strong></span> <span class='ocrx_word' id='word_1_349' title='bbox 367 4300 474 4383; x_wconf 88' lang='lat' dir='ltr'><strong>itaque</strong></span> <span class='ocrx_word' id='word_1_350' title='bbox 497 4300 644 4384; x_wconf 89' lang='lat' dir='ltr'><strong>plurimos</strong></span> <span class='ocrx_word' id='word_1_351' title='bbox 664 4305 773 4383; x_wconf 88' lang='lat' dir='ltr'><strong>ruptus</strong></span> <span class='ocrx_word' id='word_1_352' title='bbox 796 4302 915 4367; x_wconf 89' lang='lat' dir='ltr'><strong>mersit.</strong></span> <span class='ocrx_word' id='word_1_353' title='bbox 957 4300 1081 4385; x_wconf 88' lang='lat' dir='ltr'><strong>Reliqui</strong></span> <span class='ocrx_word' id='word_1_354' title='bbox 1104 4320 1139 4367; x_wconf 86' lang='lat' dir='ltr'><strong>ex</strong></span> <span class='ocrx_word' id='word_1_355' title='bbox 1162 4300 1231 4366; x_wconf 89' lang='lat' dir='ltr'><strong>coto</strong></span> <span class='ocrx_word' id='word_1_356' title='bbox 1253 4299 1389 4365; x_wconf 86' lang='lat' dir='ltr'><strong>tormen·</strong></span> 
     </span>
     <span class='ocr_line' id='line_1_42' title="bbox 145 4403 1430 4488; baseline -0.001 -19"><span class='ocrx_word' id='word_1_357' title='bbox 145 4404 188 4469; x_wconf 89' lang='lat' dir='ltr'><strong>tis</strong></span> <span class='ocrx_word' id='word_1_358' title='bbox 211 4403 361 4487; x_wconf 89' lang='lat' dir='ltr'><strong>grandine</strong></span> <span class='ocrx_word' id='word_1_359' title='bbox 384 4405 547 4488; x_wconf 89' lang='lat' dir='ltr'><strong>globorum</strong></span> <span class='ocrx_word' id='word_1_360' title='bbox 571 4405 693 4488; x_wconf 88' lang='lat' dir='ltr'><strong>disjecti</strong></span> <span class='ocrx_word' id='word_1_361' title='bbox 716 4406 766 4469; x_wconf 86' lang='lat' dir='ltr'><strong>vel</strong></span> <span class='ocrx_word' id='word_1_362' title='bbox 787 4405 905 4472; x_wconf 85' lang='lat' dir='ltr'><strong>necati:</strong></span> <span class='ocrx_word' id='word_1_363' title='bbox 921 4406 1012 4488; x_wconf 88' lang='lat' dir='ltr'><strong>quive</strong></span> <span class='ocrx_word' id='word_1_364' title='bbox 1028 4406 1083 4470; x_wconf 89' lang='lat' dir='ltr'><strong>aut</strong></span> <span class='ocrx_word' id='word_1_365' title='bbox 1100 4405 1208 4487; x_wconf 88' lang='lat' dir='ltr'><strong>sponte</strong></span> <span class='ocrx_word' id='word_1_366' title='bbox 1232 4406 1286 4471; x_wconf 91' lang='lat' dir='ltr'><strong>aut</strong></span> <span class='ocrx_word' id='word_1_367' title='bbox 1302 4406 1388 4471; x_wconf 90' lang='lat' dir='ltr'><strong>metu</strong></span> <span class='ocrx_word' id='word_1_368' title='bbox 1423 4460 1430 4468; x_wconf 63' lang='lat'>„</span> 
     </span>
     <span class='ocr_line' id='line_1_43' title="bbox 145 4508 1388 4595; baseline 0.003 -24"><span class='ocrx_word' id='word_1_369' title='bbox 145 4508 178 4572; x_wconf 93' lang='lat' dir='ltr'><strong>in</strong></span> <span class='ocrx_word' id='word_1_370' title='bbox 213 4508 391 4573; x_wconf 89' lang='lat' dir='ltr'><strong>Danubium</strong></span> <span class='ocrx_word' id='word_1_371' title='bbox 427 4528 460 4574; x_wconf 94' lang='lat' dir='ltr'><strong>se</strong></span> <span class='ocrx_word' id='word_1_372' title='bbox 494 4509 794 4593; x_wconf 84' lang='lat' dir='ltr'><strong>praecipitaverant,</strong></span> <span class='ocrx_word' id='word_1_373' title='bbox 834 4509 940 4574; x_wconf 86' lang='lat' dir='ltr'><strong>eodem</strong></span> <span class='ocrx_word' id='word_1_374' title='bbox 973 4510 1195 4577; x_wconf 89' lang='lat' dir='ltr'><strong>tormentorum</strong></span> <span class='ocrx_word' id='word_1_375' title='bbox 1238 4510 1388 4595; x_wconf 86' lang='lat' dir='ltr'><strong>grandine</strong></span> 
     </span>
    </p>
   </div>
   <div class='ocr_carea' id='block_1_7' title="bbox 0 0 1535 4859">
    <p class='ocr_par' dir='ltr' id='par_1_7' title="bbox 0 0 1535 4859">
     <span class='ocr_line' id='line_1_44' title="bbox 0 0 1535 4859; baseline 0 0"><span class='ocrx_word' id='word_1_376' title='bbox 0 0 1535 4859; x_wconf 95' lang='lat' dir='ltr'><strong> </strong></span> 
     </span>
    </p>
   </div>
  </div>
 </body>
</html>
