3050 4859
367 132 504 220 39⁴8·
576 172 646 226 H.
682 168 740 228 J.
779 172 1061 234 Schmin.
1098 171 1505 226 Ponitential.
1542 171 1613 222 in
1649 167 1938 222 Biblioth.
1974 165 2364 249 Dancmarsts
2386 146 2870 222 animm.

365 344 756 411 conniventia
778 395 796 424 ,
884 343 1212 408 commissa
1300 341 1566 419 fuerint3
1633 336 1932 403 cessariis
1949 340 2001 418 ²)
2045 338 2109 402 et
2131 336 2326 402 cereis
2351 337 2418 401 et
2437 335 2707 403 duobus
2727 336 2876 401 viris

367 447 592 513 Postea
652 445 787 512 loca
830 447 895 511 et
934 444 1123 511 horae
1185 444 1340 511 facti
1396 443 1562 510 indi·
1643 441 1873 527 jejunis
1916 444 2161 525 praeter
2207 450 2291 506 se·
2339 441 2585 524 ipsum,
2621 443 2783 506 aut
2821 441 2876 505 si

282 568 287 575 ·
364 550 599 617 candae
630 551 807 627 sunt;
850 548 1105 614 Nemini
1135 548 1318 633 plena
1350 549 1562 632 poeni-
1648 544 1935 612 sacerdos
1964 546 2148 611 antea
2177 546 2390 612 eder-'ic
2405 545 2874 628 adhiberit-³),

364 653 582 736 tentia,
617 653 740 719 nisi
779 654 855 719 ob
880 639 1175 721 delictum
1203 650 1562 719 vicesimum
1649 669 1772 735 quo
1813 649 1913 715 die
1958 649 2212 715 missam
2242 649 2879 728 cecinerit3‘·aut-eo·

362 757 737 845 injungitor,
800 760 864 823 et
929 756 1129 823 omnis
1190 755 1560 836 emendatio,
1651 756 1792 820 dem
1849 753 2060 838 plures
2111 770 2300 842 quam
2347 753 2531 819 duos-
2560 753 2881 821 cecinerit

363 862 552 928 etiam
568 880 725 944 quae
741 859 1183 927 confessionem
1204 861 1558 944 praecessit,
1647 857 1875 924 missas
1893 906 1910 936 ‚
1970 858 2084 924 aut
2149 858 2204 922 si
2232 860 2239 865 ’
2265 854 2880 928 sacerdes³missam

364 966 429 1031 in
494 962 875 1049 poenitentia
928 964 1401 1049 praescribenda
1465 984 1562 1030 re-
1650 979 1871 1028 canere
1915 962 2306 1039 simulaverit
2326 1010 2343 1040 ,
2400 963 2713 1046 quamvis
2742 982 2877 1028 -uon

363 1068 675 1154 spicienda
716 1070 831 1134 est.
913 1068 1163 1149 Omnes,
1208 1066 1264 1136 si
1290 1069 1558 1135 libitum
1645 1064 1958 1143 cecinerit,
2005 1065 2136 1131 aut·
2157 1065 2211 1130 si
2257 1068 2493 1149 aperte-
2511 1067 2883 1152 neglexerit

363 1157 569 1251 fuerit,
607 1173 981 1260 jejuniorum
1028 1172 1361 1240 solidorum
1402 1171 1555 1251 dies,
1642 1169 1818 1253 jussa
1855 1166 1955 1234 dei
1974 1169 2084 1235 vel
2113 1168 2399 1253 episcopi,
2431 1172 2592 1236 me
2614 1172 2879 1256 episco-

365 1280 634 1360 erneptifi
662 1276 936 1342 noctibus
953 1276 1190 1362 jejunio
1207 1276 1559 1361 transigen-
1648 1292 1762 1358 pus
1793 1285 2061 1358 »poenam
2093 1272 2378 1352 statuite,
2414 1272 2728 1341 sacculos
2763 1295 2877 1340 au-

369 1384 495 1460 die,
561 1388 807 1448 centnm
861 1379 1387 1465 genuflexionibus
1442 1381 1560 1448 'aut
1646 1381 1794 1458 tem,
1828 1381 2154 1463 postquam
2176 1377 2240 1442 ei
2263 1369 2734 1445 aununcsstum
2760 1385 2879 1458 est,

365 1487 818 1568 qninquaginta
863 1485 1054 1552 Pater
1083 1490 1292 1552 meter
1322 1485 1554 1551 recita-
1643 1481 1855 1551 faciat.
1880 1482 2139 1548 Missam
2165 1498 2387 1548 cauere
2402 1481 2876 1568 liceat-quam-

365 1588 634 1652 tinnibns
680 1605 782 1672 pro
827 1587 1206 1673 quibuslibet
1234 1586 1559 1654 duodecim
1641 1586 1736 1652 vis
1777 1587 2136 1653 consecrata
2179 1596 2300 1652 uon
2338 1587 2432 1652 sit
2475 1587 2724 1653 tabula
2767 1608 2880 1654 nec

369 1696 553 1771 heris,
602 1700 710 1760 ιιιιι
762 1691 808 1757 si
854 1692 1058 1778 magis
1094 1691 1341 1777 placeat
1378 1691 1562 1758 unius
1651 1690 1849 1757 lintea
1866 1692 1945 1774 ⁴),
1979 1692 2088 1757 aut
2121 1691 2328 1758 desint
2355 1708 2592 1770 cereae,
2622 1693 2775 1758 ⁴nisi
2803 1709 2879 1759 ex

364 1793 605 1879 prandii
651 1796 749 1862 vel
799 1799 1065 1881 quatuor
1122 1794 1458 1862 solidorum
1503 1796 1568 1861 in
1652 1793 2040 1861 contumacia
2112 1795 2352 1860 factum
2414 1794 2539 1874 sit,
2606 1801 2880 1882 propter

361 1896 668 1984 quendam
698 1918 1029 1983 pauperem
1069 1901 1423 1986 erogatione
1451 1920 1562 1984 pro
1650 1895 1814 1984 quod
1858 1915 2047 1983 parva
2092 1898 2410 1965 iudicatur
2451 1917 2679 1984 poena.

363 2001 745 2087 quibuslibet
786 2001 1013 2087 viginti
1060 2008 1329 2088 quatuor
1367 2003 1556 2084 boriS,

362 2105 663 2170 redimere
685 2105 927 2172 licitum
953 2106 1105 2174 esto.
1153 2108 1315 2174 Dum
1347 2109 1558 2193 poeni-
1734 2107 1802 2174 Si
1855 2107 2023 2192 (quis
2067 2107 2382 2193 sacerdos)
2431 2100 2690 2174 Nonam
2763 2116 2881 2177 aut

367 2211 568 2275 tentia
590 2207 795 2288 durat,
824 2209 1140 2294 poenitens
1165 2212 1439 2279 omnium
1460 2213 1560 2279 in·-
1648 2211 1836 2278 aliam
1894 2210 2126 2279 oblitus
2184 2213 2269 2277 sit
2320 2213 2578 2292 horam,
2635 2220 2875 2292 ¹(uiuat,

366 2313 828 2399 dulgentiarum
852 2330 1039 2399 capax
1065 2318 1223 2394 esto;
1265 2317 1409 2383 illae
1438 2317 1560 2383 dif—
1648 2317 1702 2383 si
1745 2317 1962 2402 possit,
2009 2336 2198 2401 quum
2244 2316 2527 2400 primum
2559 2316 2629 2382 in
2676 2338 2872 2385 men-

363 2419 509 2484 ferri
539 2437 655 2483 non
687 2421 961 2503 possunt
1009 2418 1283 2504 Sospites
1312 2422 1376 2486 et
1398 2421 1554 2487 bene
1643 2418 1771 2487 tem
1827 2422 1883 2487 ei
1936 2421 2217 2500 venerit,¹
2269 2421 2580 2505 addetque
2642 2424 2872 2490 totum

363 2518 636 2589 valentes
653 2521 1101 2622 genuflexiones
1127 2524 1216 2591 1ta
1232 2523 1561 2591 instituere
1650 2525 1817 2592 beati
1855 2513 2271 2592 immaculati.-
2328 2559 2331 2565 ·
2409 2553 2412 2557 ’
2627 2548 2632 2552 ·

285 2635 299 2645 ’
362 2626 610 2706 debent,
641 2629 713 2692 ιιι
741 2615 872 2692 tam
904 2645 1107 2711 genua
1140 2642 1326 2713 quam
1363 2628 1560 2695 cubiti

361 2733 592 2797 terram
638 2732 904 2816 tangant
927 2731 996 2816 1).
2356 2776 2362 2783 -

374 2845 379 2851 '
567 2834 684 2900 Die
708 2835 1012 2901 nunmehr
1034 2835 1359 2921 folgenden
1387 2834 1900 2922 Bestimmungen
1925 2842 2152 2903 rubren
2186 2836 2346 2905 auch
2369 2837 2574 2902 ihrem
2596 2838 2870 2906 Inhalte

360 2938 515 3004 nach
562 2938 736 3004 nicht
772 2958 893 3006 von
922 2934 1263 3006 Thorlacus
1293 2941 1423 3019 her,
1446 2941 1724 3007 sondern
1754 2941 1894 3007 sind
1925 2942 2186 3008 Zusatze
2215 2961 2332 3008 von
2362 2938 2628 3007 auderet
2660 2941 2869 3009 Haud

360 3041 484 3108 und
530 3044 807 3127 spaterer
851 3043 1004 3110 Zeit.

564 3147 606 3215 J
611 3166 713 3213 am
758 3149 1027 3224 statuta,
1076 3167 1250 3233 quae
1272 3147 1527 3215 beatus
1521 3150 1878 3235 Episcopus
1920 3150 2263 3217 'Phor-lacus
2305 3148 2544 3228 sanxit,
2592 3166 2869 3217 enume-

359 3254 502 3317 rata
544 3254 709 3332 sunt,
756 3272 911 3338 quae
955 3263 1064 3318 nos
1111 3271 1295 3338 aegre
1340 3253 1755 3333 observamuS,
1803 3255 2111 3339 quamvis·
2128 3254 2238 3320 ille
2280 3272 2356 3318 ea
2402 3251 2579 3319 nobis
2625 3254 2873 3322 leniter

359 3355 707 3422 tradiderit.
799 3355 1198 3423 Sacramenta
1238 3377 1357 3423 non
1402 3357 1793 3424 concedimus
1851 3359 1933 3424 in
1975 3356 2105 3425 illis
2153 3358 2456 3437 casibus,
2472 3357 2558 3424 in
2616 3356 2870 3442 quibus

360 3446 470 3525 ille
496 3459 855 3539 interdixit,
901 3461 1311 3546 praecipimus
1356 3461 1546 3528 etiam
1590 3463 1665 3528 ut
1707 3463 2088 3548 poenitentia
2130 3463 2295 3547 quod
2341 3464 2607 3528 antenus
2645 3479 2868 3549 aeque

358 3551 621 3630 diutina
646 3563 1027 3652 injungatur,
1072 3584 1146 3631 ac
1185 3565 1296 3632 ille
1340 3567 1674 3651 praecepit
1727 3566 1982 3651 Jejunia
2012 3566 2222 3633 solida
2236 3561 2529 3646 mitiora,
2552 3569 2623 3631 et
2648 3579 2868 3652 geuu-

358 3666 648 3734 flexiones
684 3669 953 3750 posthae
993 3671 1215 3747 sunt03
1274 3671 1341 3736 in
1385 3670 1781 3755 poenitentiis
1825 3671 2166 3737 minoribus
2210 3671 2425 3737 eadem
2472 3673 2605 3737 esto
2649 3668 2868 3738 absti-

359 3771 574 3839 nentia
617 3790 656 3837 a
696 3768 1082 3838 vestimentis
1125 3773 1308 3840 lineis
1354 3776 1419 3840 et
1461 3774 1744 3859 plumeis,
1800 3794 1984 3861 quam
2034 3775 2141 3840 i-lle
2182 3775 2471 3861 injunxit,
2515 3777 2582 3841 et
2625 3776 2866 3842 eadem

358 3875 696 3962 flagellatis
737 3874 802 3943 et
844 3892 1069 3960 preces.
1131 3879 1187 3943 A
1232 3880 1498 3963 corporis
1544 3877 1795 3946 Domini
1841 3880 2196 3963 acceptione
2240 3899 2364 3946 non
2397 3896 2686 3946 arcemus
2711 3896 2867 3947 ma-

357 3980 637 4047 trimonii
678 3981 923 4048 vinculo
967 3979 1295 4049 obstrictos
1314 4031 1329 4061 ‚
1385 3983 1680 4068 quamvis·
1731 3984 1926 4052 semel
1986 3985 2098 4050 aut
2150 3983 2248 4049 bis
2291 4003 2434 4049 cum
2476 3974 2686 4049 aliena
2724 3983 2862 4052 de-

357 4085 662 4170 linquant,
706 4085 760 4151 si
806 4103 927 4150 non
970 4084 1175 4169 palam
1221 4085 1352 4165 fiat,
1398 4086 1709 4154 discordia
1753 4088 2086 4173 conjugum
2130 4087 2275 4154 inde
2319 4107 2441 4154 non
2474 4087 2745 4167 oriatur,
2795 4091 2869 4156 et

357 4190 623 4258 comario
664 4189 882 4256 delicti
925 4207 1000 4256 ac
1042 4190 1392 4258 emendatio
1436 4193 1862 4276 promittatur.
1971 4192 2251 4279 Singulis
2308 4193 2643 4278 conjugum
2691 4213 2864 4261 con-

566 4329 621 4398 1)
656 4327 759 4385 Hic
796 4330 919 4385 finis
956 4334 1040 4385 est
1077 4333 1409 4386 statutorum
1452 4332 1503 4386 S.
1543 4333 1794 4388 Thorlaci
1834 4332 2108 4402 Episcopi,
2156 4332 2437 4404 sequentia
2473 4333 2540 4386 ab
2579 4331 2866 4405 Episcopo
2949 4310 2963 4328 ⁰

361 4414 592 4484 quodam
627 4417 711 4472 vel
745 4417 1158 4484 poenitentiario
1195 4417 1453 4485 sequioris
1489 4420 1690 4475 saeculi
1724 4418 1936 4488 adjecta
1974 4434 2090 4474 esse
2125 4418 2392 4477 videntur.
2467 4417 2549 4486 (F.
2586 4417 2639 4474 J.
2644 4418 2668 4488 )

567 4499 622 4567 2)
657 4499 854 4555 Wortl.
891 4519 943 4555 ιι.
983 4503 1070 4557 die
1104 4500 1331 4566 Bucher,
1370 4504 1553 4559 womit
1589 4522 1647 4560 er
1679 4505 2096 4561 durehkommen
2133 4505 2294 4570 kann,

569 4586 621 4653 3)
662 4585 951 4642 Genossen.
989 4616 1055 4626 -·
1093 4588 1150 4657 4)
1187 4587 1548 4655 Abweichend
1584 4608 1689 4646 von
1723 4593 1760 4650 J
1761 4593 2044 4659 chanaaei
