3050 4859
712 193 921 249 Consi.
954 192 1061 246 111⁷.
1108 193 1197 247 De
1237 192 1598 260 discipl-«ina.
1660 189 1804 257 Cap.
1842 190 1894 243 8.
1938 189 2027 242 De
2062 188 2463 242 mercialibus.
2704 165 2825 230 105

338 371 569 445 mant3-
607 367 745 449 post
800 381 1027 432 annum
1096 382 1234 429 vero
1297 382 1333 427 a
1388 362 1676 445 suscepto
1723 361 1942 427 habitu
1969 361 2069 425 vad
2116 358 2551 443 professionem
2591 357 2819 422 admit-

334 475 552 537 tantur
620 472 737 555 (Ex
807 468 1098 533 mandato
1166 468 1301 534 Sac.
1364 467 1665 550 Congreg.
1735 466 2013 549 Episcop.
2079 466 2142 529 et
2210 462 2428 545 Regul.
2493 461 2570 528 ad
2638 462 2819 527 Camil÷

337 577 675 657 Philomar.
740 573 1284 639 Praeclecessorem
1345 566 1644 637 Nostrum
1711 570 1809 633 die
1870 571 1972 634 26.
2028 568 2207 634 Junii
2271 565 2483 650 1648).
2595 566 2815 629 Verum

336 693 625 745 numerus
674 679 1157 770 conversarum,
1220 677 1607 757 aliarumque
1671 674 2133 738 inservientium
2196 671 2596 737 necessitates
2643 670 2823 735 Gom-

334 784 687 850 munitatis
707 801 838 847 non·
874 762 1157 859 excedat;
1228 799 1342 846 nec
1404 780 1819 844 admittantur
1878 778 2050 841 aliae
2091 776 2381 841 mulieres
2427 794 2534 857 pro
2582 773 2819 843 officiis

334 907 493 973 quae
538 888 617 953 ad
663 887 1054 965 Institutum,
1104 885 1200 951 vel
1248 883 1775 950 communitatem
1825 901 1942 947 non
1988 880 2316 964 pertinent.

542 992 654 1056 XI.
724 989 948 1056 Officia
988 990 1198 1055 omnia
1240 990 1306 1053 in
1352 986 1749 1052 Monasteriis
1795 986 2170 1060 deferantur,
2222 986 2286 1049 et
2319 987 2656 1058 mutentur,
2687 1003 2819 1049 ser-

336 1100 486 1162 vata·
549 1095 990 1161 inviolabiliter
1057 1093 1256 1158 forma
1323 1091 1850 1157 constitutionum
1915 1094 1981 1154 et
2049 1091 2432 1175 Regularum
2491 1088 2823 1173 quuslibet

336 1182 739 1279 Monasterii,
800 1201 937 1263 tum
967 1196 1527 1282 ‘quoad-modum,
1568 1195 1727 1260 'tum
1775 1196 1973 1279 quoad
2023 1197 2285 1278 tempus.
2379 1195 2819 1259 Verumtamen

336 1303 625 1370 Monialis
672 1303 961 1368 antistita
1006 1304 1359 1384 susceptum
1421 1300 1731 1378 officium,
1796 1300 1968 1364 velut
2023 1296 2247 1377 mater,
2306 1299 2625 1374 exe1·ceat;
2689 1298 2823 1361 Me-

336 1407 536 1474 niales
580 1425 721 1474 vero
781 1408 921 1471 aliis
984 1404 1342 1473 Monasterii
1410 1404 1767 1469 muneribus
1811 1404 2193 1487 praepositae
2238 1404 2438 1468 officio
2485 1422 2595 1468 suo
2639 1422 2819 1485 quam

336 1513 619 1579 maxima
659 1512 991 1596 diligentia
1032 1511 1521 1595 perfungantur3
1570 1511 1812 1573 ceterae
1857 1510 2406 1574 omnes-mutuam*
2431 1507 2819 1583 charitatem,

334 1638 407 1683 ac
447 1617 939 1681 benevolentiam
987 1614 1335 1690 ostendant,
1385 1620 1447 1679 et
1492 1633 1530 1678 a
1576 1631 1960 1697 quacumque
1991 1613 2250 1691 actione,
2286 1615 2397 1677 aut
2427 1611 2630 1685 verbo,
2659 1611 2819 1693 qumi

332 1721 476 1786 aliis
525 1720 893 1798 molestiam,
944 1718 1622 1802 aut‘perturbationem
1672 1718 1891 1784 afferre
1936 1717 2151 1800 possit,
2198 1717 2410 1781 sedulo
2458 1718 2730 1780 caveant.

543 1824 686 1889 ΧΠ.
752 1824 998 1889 Januae
1042 1824 1370 1902 exteriores
1417 1822 1932 1887 Monasteriorum
1962 1817 2040 1887 'et
2082 1821 2297 1887 Crates
2333 1820 2516 1885 'omni
2577 1838 2819 1902 prorsus

332 1931 609 2012 tempore
653 1928 814 1993 xantii:
848 1929 967 1992 non
1009 1928 1556 2010 aperiantur-ante
1626 1928 1853 1991 ortum‘
1889 1926 2068 2003 solie,
2139 1926 2202 1989 et
2269 1923 2516 2009 prorsus
2579 1924 2819 1988 clausae

335 2034 468 2099 sint
514 2033 665 2099 hora
711 2032 1001 2098 vicesima
1053 2033 1279 2115 quarta
1324 2030 1495 2096 ‹liei-
1878 2049 1882 2054 ·

542 2137 719 2203 XIII.
765 2137 913 2203 Uti
980 2137 1277 2200 hactenus
1344 2137 1740 2200 observatum
1803 2137 1930 2211 est,
1990 2135 2389 2199 interdictum
2439 2134 2819 2198 declaramus

332 2240 771 2318 intromittere,
823 2242 917 2305 vel
966 2242 1251 2323 recipere,
1301 2243 1412 2304 aut
1457 2240 1734 2304 detinere
1779 2240 1841 2303 in
1890 2239 2280 2305 Monasteriis
2324 2239 2595 2303 infantes
2641 2257 2819 2320 quos-

332 2364 630 2429 eumque,
687 2346 818 2410 sive
865 2362 1094 2421 marea,
1144 2345 1294 2410 sive·
1320 2345 1612 2422 feminas,
1655 2341 1871 2427 quovis
1909 2346 2269 2426 praetextu,
2319 2346 2383 2408 et
2427 2343 2706 2426 qualibet
2751 2363 2819 2407 er

332 2451 528 2533 parte,
574 2450 765 2513 etiam
812 2468 849 2513 a
896 2450 1066 2527 rotie,
1116 2448 1596 2532 quamvis-dicti
1643 2448 1914 2513 infantes
1962 2467 2077 2512 non
2124 2449 2526 2513 extrahantur
2573 2466 2608 2511 a
2643 2447 2811 2523 rotis,

332 2555 439 2619 secl
486 2554 550 2617 in
597 2554 748 2636 ipsis
786 2555 1081 2618 maneant
1126 2572 1196 2617 ex
1242 2554 1417 2635 parte
1462 2552 1783 2617 clausurae
1828 2554 2037 2635 (Cone.
2086 2552 2252 2620 Trid.
2295 2553 2455 2619 Sess-
2501 2552 2697 2618 XXV
2745 2555 2823 2615 ‹iss-r

331 2658 556 2741 Reyul.
597 2664 655 2722 ct
697 2658 972 2723 Monial.
1017 2677 1068 2724 c.
1118 2658 1207 2734 V,
1261 2676 1368 2722 nec
1417 2676 1534 2721 non
1583 2656 1769 2722 Sacra
1820 2657 2120 2786 Congreg.
2171 2658 2449 2740 Episcop.
2497 2659 2564 2721 ‘et
2598 2658 2811 2739 Regni

331 2762 395 2826 in
440 2761 754 2843 Neapolit.
806 2763 918 2826 sub
967 2762 1066 2825 die
1112 2764 1243 2827 252:-
1265 2762 1452 2827 Mart.
1506 2762 1720 2845 1580).

525 2864 707 2931 XIV.
777 2866 1488 2931 Excommunicationem
1533 2865 1702 2931 latae
1747 2868 2093 2931 sententiae
2140 2867 2494 2943 incurrunt,
2525 2867 2630 2950 qui
2688 2867 2816 2932 sine

331 2970 596 3048 Nostra,
663 2972 773 3035 aut
837 2971 1065 3035 Vicarii
1128 2971 1343 3036 Nostri
1401 2990 1507 3054 pro
1571 2971 1949 3040 Monialibus
1998 2970 2252 3034 licentia
2297 2971 2632 3054 loquuntur
2679 2991 2815 3035 cum

330 3074 706 3140 Monialibus
738 3074 801 3138 in
833 3073 1251 3154 Monasteriis,
1284 3074 1473 3138 etiam
1502 3076 1820 3158 exemptis,
1852 3075 2237 3159 degentibus,
2276 3077 2385 3137 aut
2415 3093 2554 3139 cum
2588 3075 2815 3157 aliqua,

332 3178 426 3242 vel
475 3176 787 3262 aliquibus
829 3197 1059 3256 earum,
1108 3179 1353 3244 etiamsi
1387 3178 1472 3243 sit
1504 3179 1777 3257 Neritia,
1825 3181 1936 3243 aut
1969 3179 2291 3256 Conversa,
2338 3180 2450 3243 aut
2478 3198 2635 3262 quae
2666 3180 2815 3243 edn-

330 3281 628 3360 cationiS,
698 3283 795 3348 vel
871 3283 1129 3348 alterius
1185 3283 1272 3347 rei
1335 3302 1525 3348 causa
1580 3282 1807 3348 ibidem
1855 3286 2301 3360 commoretur,
2368 3283 2713 3366 conjunctis
2754 3285 2815 3347 in

329 3386 546 3467 prime,
597 3386 693 3450 vel
738 3387 1002 3452 secundo
1041 3388 1637 3471 consangnineitatis
1683 3388 1881 3469 ¹gradu
1930 3388 2255 3452 dumtaxat
2300 3388 2589 3470 exceptis
2687 3388 2807 3451 De-

331 3490 643 3555 claramus
691 3491 899 3556 autem
947 3492 1130 3574 quod,
1182 3492 1286 3574 qui
1330 3492 1562 3556 habent
1606 3492 1987 3571 facultatem,
2036 3492 2181 3575 quia
2214 3493 2672 3576 consanguinei,
2722 3495 2811 3556 ve]

330 3593 617 3659 obtinent
662 3595 975 3659 licentiam
1020 3596 1306 3678 loquendi
1360 3614 1499 3660 cum
1567 3596 1774 3679 aliqua
1830 3597 2316 3679 praedictarum,
2383 3615 2498 3660 non
2559 3597 2815 3680 possint,

330 3698 478 3762 data
515 3717 717 3781 opera,
766 3702 829 3764 et
874 3718 944 3764 ex
988 3701 1277 3782 professe,
1325 3719 1466 3764 cum
1515 3701 1656 3764 aliis
1695 3701 1924 3765 ibidem
1969 3701 2338 3784 degentibus
2376 3697 2543 3785 loqui
2589 3702 2815 3785 (Epist.

331 3802 571 3867 Pastor.
622 3802 957 3869 Clementis
1004 3804 1139 3883 XL,
1184 3822 1234 3869 c.
1286 3804 1371 3888 7).

539 3905 675 3970 XV.
746 3907 1455 3974 Excommunicationem
1515 3927 1658 3974 vero
1720 3908 1881 3973 latae
1929 3910 2272 3975 sententiae
2318 3911 2513 3976 Nobis
2558 3911 2811 3994 speciali

327 4009 508 4075 modo
544 4016 918 4076 reservatam
951 4012 1294 4091 incurrunt,
1342 4014 1730 4096 quicumque,
1781 4014 1908 4077 sive
1942 4033 2093 4092 mae,
2128 4015 2255 4079 sive
2288 4016 2532 4093 femina,
2569 4015 2807 4080 etiamsi

326 4113 643 4179 licentiam
690 4115 977 4198 loquendi
1024 4116 1379 4193 habuerint,
1440 4137 1580 4182 cum
1633 4118 1840 4201 aliqua
1885 4138 1955 4183 ex
2005 4119 2394 4202 praeclictis‚·
2439 4121 2550 4185 aut
2609 4137 2811 4185 coram

326 4216 475 4300 ipsis
522 4218 586 4282 in
634 4218 1025 4284 Monasteriis
1085 4223 1608 4287 commorantibus
1672 4224 1913 4306 egerint
1980 4223 2053 4288 de
2126 4226 2308 4289 rebus
2364 4224 2642 4289 obscenis
2704 4242 2811 4307 per

327 4323 545 4401 verba,
595 4324 704 4388 aut
748 4342 856 4405 per
902 4326 1078 4388 actus
1125 4324 1504 4407 impudicOS,
1555 4327 1604 4391 si
1655 4332 2040 4410 praesentes}
2105 4330 2170 4392 et
2215 4347 2320 4411 per
2368 4329 2644 4406 litteras,
2702 4339 2811 4395 ant

277 4469 284 4476 -
326 4444 435 4508 per
480 4426 917 4507 internuncios,
966 4427 1018 4492 si
1062 4429 1377 4511 absentes;
1426 4431 1706 4496 eamdem
1749 4451 2005 4515 poenam
2050 4432 2376 4495 incurrunt
2420 4432 2531 4512 riri
2571 4435 2634 4498 et
2668 4453 2803 4496 mu-

328 4529 510 4595 lieres
555 4531 685 4597 sive
725 4531 923 4611 intra,
980 4531 1109 4597 sive
1155 4535 1329 4599 extra
1373 4534 1733 4600 Monasterii
1782 4534 2103 4612 Claustra,
2167 4534 2270 4618 qui
2331 4535 2595 4600 scienter
2633 4554 2807 4618 prae*
