<?xml version="1.0" encoding="UTF-8"?>
<!DOCTYPE html PUBLIC "-//W3C//DTD XHTML 1.0 Transitional//EN"
    "http://www.w3.org/TR/xhtml1/DTD/xhtml1-transitional.dtd">
<html xmlns="http://www.w3.org/1999/xhtml" xml:lang="en" lang="en">
 <head>
  <title>
</title>
<meta http-equiv="Content-Type" content="text/html;charset=utf-8" />
  <meta name='ocr-system' content='tesseract 3.04.00' />
  <meta name='ocr-capabilities' content='ocr_page ocr_carea ocr_par ocr_line ocrx_word'/>
</head>
<body>
  <div class='ocr_page' id='page_1' title='image "./archivfrkatholi08unkngoog_0292.png"; bbox 0 0 3050 4859; ppageno 0'>
   <div class='ocr_carea' id='block_1_1' title="bbox 130 89 1219 173">
    <p class='ocr_par' dir='ltr' id='par_1_1' title="bbox 130 89 1219 173">
     <span class='ocr_line' id='line_1_1' title="bbox 130 89 1219 173; baseline -0.001 -17"><span class='ocrx_word' id='word_1_1' title='bbox 130 89 194 152; x_wconf 83' lang='grc'><strong>280</strong></span> <span class='ocrx_word' id='word_1_2' title='bbox 286 104 377 159; x_wconf 81' lang='lat' dir='ltr'><strong>Oard.</strong></span> <span class='ocrx_word' id='word_1_3' title='bbox 396 105 536 173; x_wconf 73' lang='lat' dir='ltr'><strong>Arelatem.</strong></span> <span class='ocrx_word' id='word_1_4' title='bbox 556 104 655 159; x_wconf 78' lang='lat' dir='ltr'><strong>Coloe.</strong></span> <span class='ocrx_word' id='word_1_5' title='bbox 675 105 767 159; x_wconf 81' lang='lat' dir='ltr'><strong>lustr.</strong></span> <span class='ocrx_word' id='word_1_6' title='bbox 785 120 844 171; x_wconf 83' lang='lat' dir='ltr'><strong>pro</strong></span> <span class='ocrx_word' id='word_1_7' title='bbox 865 103 1219 158; x_wconf 74' lang='lat' dir='ltr'><strong>Vico-Ascletlltucurcis.</strong></span> 
     </span>
    </p>
   </div>
   <div class='ocr_carea' id='block_1_2' title="bbox 19 266 1470 4514">
    <p class='ocr_par' dir='ltr' id='par_1_2' title="bbox 19 266 1470 4514">
     <span class='ocr_line' id='line_1_2' title="bbox 131 266 1396 359; baseline -0.004 -18"><span class='ocrx_word' id='word_1_8' title='bbox 131 274 374 359; x_wconf 80' lang='lat' dir='ltr'><strong>Congregatioue</strong></span> <span class='ocrx_word' id='word_1_9' title='bbox 400 293 493 358; x_wconf 91' lang='lat' dir='ltr'><strong>penes</strong></span> <span class='ocrx_word' id='word_1_10' title='bbox 521 274 733 339; x_wconf 89' lang='lat' dir='ltr'><strong>Protooollnm</strong></span> <span class='ocrx_word' id='word_1_11' title='bbox 757 266 894 356; x_wconf 85' lang='lat' dir='ltr'><strong>ejusdem</strong></span> <span class='ocrx_word' id='word_1_12' title='bbox 918 275 1070 356; x_wconf 80' lang='lat' dir='ltr'><strong>expetent.</strong></span> <span class='ocrx_word' id='word_1_13' title='bbox 1117 273 1176 337; x_wconf 87' lang='lat' dir='ltr'><strong>5-o</strong></span> <span class='ocrx_word' id='word_1_14' title='bbox 1199 274 1274 338; x_wconf 91' lang='lat' dir='ltr'><strong>Post</strong></span> <span class='ocrx_word' id='word_1_15' title='bbox 1303 272 1396 337; x_wconf 80' lang='lat' dir='ltr'><strong>haee</strong></span> 
     </span>
     <span class='ocr_line' id='line_1_3' title="bbox 131 375 1396 462; baseline -0.004 -18"><span class='ocrx_word' id='word_1_16' title='bbox 131 380 276 462; x_wconf 89' lang='lat' dir='ltr'><strong>sequetur</strong></span> <span class='ocrx_word' id='word_1_17' title='bbox 299 378 432 443; x_wconf 81' lang='lat' dir='ltr'>Casuum</span> <span class='ocrx_word' id='word_1_18' title='bbox 456 398 510 461; x_wconf 88' lang='lat' dir='ltr'><strong>per</strong></span> <span class='ocrx_word' id='word_1_19' title='bbox 534 377 678 443; x_wconf 80' lang='lat' dir='ltr'><strong>Officium</strong></span> <span class='ocrx_word' id='word_1_20' title='bbox 704 378 927 442; x_wconf 86' lang='lat' dir='ltr'><strong>Dioecesanum</strong></span> <span class='ocrx_word' id='word_1_21' title='bbox 952 376 1178 460; x_wconf 88' lang='lat' dir='ltr'><strong>propositorum</strong></span> <span class='ocrx_word' id='word_1_22' title='bbox 1200 378 1230 441; x_wconf 90' lang='lat' dir='ltr'><strong>et</strong></span> <span class='ocrx_word' id='word_1_23' title='bbox 1251 375 1396 458; x_wconf 82' lang='lat' dir='ltr'><strong>praevie</strong></span> 
     </span>
     <span class='ocr_line' id='line_1_4' title="bbox 131 469 1397 567; baseline -0.004 -19"><span class='ocrx_word' id='word_1_24' title='bbox 131 469 367 561; x_wconf 84' lang='lat' dir='ltr'><strong>circulatorum,</strong></span> <span class='ocrx_word' id='word_1_25' title='bbox 394 484 568 567; x_wconf 88' lang='lat' dir='ltr'><strong>scriptoque</strong></span> <span class='ocrx_word' id='word_1_26' title='bbox 599 483 664 565; x_wconf 87' lang='lat' dir='ltr'><strong>jam</strong></span> <span class='ocrx_word' id='word_1_27' title='bbox 686 502 739 564; x_wconf 94' lang='lat' dir='ltr'><strong>per</strong></span> <span class='ocrx_word' id='word_1_28' title='bbox 761 482 900 565; x_wconf 87' lang='lat' dir='ltr'><strong>singulos</strong></span> <span class='ocrx_word' id='word_1_29' title='bbox 922 483 1127 547; x_wconf 78' lang='lat' dir='ltr'><strong>resolutorum</strong></span> <span class='ocrx_word' id='word_1_30' title='bbox 1150 500 1230 546; x_wconf 83' lang='lat' dir='ltr'><strong>nova</strong></span> <span class='ocrx_word' id='word_1_31' title='bbox 1251 480 1397 545; x_wconf 85' lang='lat' dir='ltr'><strong>uberior</strong></span> 
     </span>
     <span class='ocr_line' id='line_1_5' title="bbox 131 584 1470 653; baseline -0.004 0"><span class='ocrx_word' id='word_1_32' title='bbox 131 588 214 653; x_wconf 92' lang='lat' dir='ltr'><strong>omni</strong></span> <span class='ocrx_word' id='word_1_33' title='bbox 245 588 350 651; x_wconf 87' lang='lat' dir='ltr'><strong>temen</strong></span> <span class='ocrx_word' id='word_1_34' title='bbox 380 608 451 653; x_wconf 92' lang='lat' dir='ltr'><strong>cum</strong></span> <span class='ocrx_word' id='word_1_35' title='bbox 481 585 690 651; x_wconf 90' lang='lat' dir='ltr'><strong>moderatione</strong></span> <span class='ocrx_word' id='word_1_36' title='bbox 713 586 878 652; x_wconf 89' lang='lat' dir='ltr'><strong>tractanda</strong></span> <span class='ocrx_word' id='word_1_37' title='bbox 900 585 1050 651; x_wconf 90' lang='lat' dir='ltr'><strong>discussio</strong></span> <span class='ocrx_word' id='word_1_38' title='bbox 1074 588 1106 649; x_wconf 92' lang='lat' dir='ltr'><strong>et</strong></span> <span class='ocrx_word' id='word_1_39' title='bbox 1128 585 1283 650; x_wconf 89' lang='lat' dir='ltr'><strong>communi</strong></span> <span class='ocrx_word' id='word_1_40' title='bbox 1315 584 1396 648; x_wconf 80' lang='lat' dir='ltr'><strong>suf·</strong></span> <span class='ocrx_word' id='word_1_41' title='bbox 1466 602 1470 609; x_wconf 88' lang='lat'><em>·</em></span> 
     </span>
     <span class='ocr_line' id='line_1_6' title="bbox 131 688 1395 774; baseline -0.002 -20"><span class='ocrx_word' id='word_1_42' title='bbox 131 690 230 774; x_wconf 83' lang='lat' dir='ltr'><strong>fregio</strong></span> <span class='ocrx_word' id='word_1_43' title='bbox 254 690 357 755; x_wconf 88' lang='lat' dir='ltr'><strong>decisa</strong></span> <span class='ocrx_word' id='word_1_44' title='bbox 381 690 548 769; x_wconf 87' lang='lat' dir='ltr'><strong>Resolutio,</strong></span> <span class='ocrx_word' id='word_1_45' title='bbox 572 690 611 754; x_wconf 91' lang='lat' dir='ltr'><strong>ad</strong></span> <span class='ocrx_word' id='word_1_46' title='bbox 636 688 780 755; x_wconf 85' lang='lat' dir='ltr'><strong>Officium</strong></span> <span class='ocrx_word' id='word_1_47' title='bbox 805 691 1029 755; x_wconf 86' lang='lat' dir='ltr'><strong>Dioecesanum</strong></span> <span class='ocrx_word' id='word_1_48' title='bbox 1049 708 1104 753; x_wconf 92' lang='lat' dir='ltr'><strong>suo</strong></span> <span class='ocrx_word' id='word_1_49' title='bbox 1128 688 1219 753; x_wconf 89' lang='lat' dir='ltr'><strong>modo</strong></span> <span class='ocrx_word' id='word_1_50' title='bbox 1240 688 1395 753; x_wconf 85' lang='lat' dir='ltr'><strong>submit·</strong></span> 
     </span>
     <span class='ocr_line' id='line_1_7' title="bbox 131 792 1397 877; baseline -0.003 -18"><span class='ocrx_word' id='word_1_51' title='bbox 131 794 234 859; x_wconf 90' lang='lat' dir='ltr'><strong>tenda.</strong></span> <span class='ocrx_word' id='word_1_52' title='bbox 279 792 337 857; x_wconf 91' lang='lat' dir='ltr'><strong>His</strong></span> <span class='ocrx_word' id='word_1_53' title='bbox 361 794 512 875; x_wconf 87' lang='lat' dir='ltr'><strong>superatis</strong></span> <span class='ocrx_word' id='word_1_54' title='bbox 536 796 589 858; x_wconf 89' lang='lat' dir='ltr'><strong>6-o</strong></span> <span class='ocrx_word' id='word_1_55' title='bbox 613 794 700 877; x_wconf 86' lang='lat' dir='ltr'><strong>juxta</strong></span> <span class='ocrx_word' id='word_1_56' title='bbox 722 794 892 861; x_wconf 88' lang='lat' dir='ltr'><strong>salutarem</strong></span> <span class='ocrx_word' id='word_1_57' title='bbox 914 813 1003 859; x_wconf 90' lang='lat' dir='ltr'><strong>usum</strong></span> <span class='ocrx_word' id='word_1_58' title='bbox 1021 794 1115 877; x_wconf 88' lang='lat' dir='ltr'><strong>longa</strong></span> <span class='ocrx_word' id='word_1_59' title='bbox 1130 813 1278 858; x_wconf 88' lang='lat' dir='ltr'><strong>annornm</strong></span> <span class='ocrx_word' id='word_1_60' title='bbox 1296 792 1397 857; x_wconf 84' lang='lat' dir='ltr'><strong>serie</strong></span> 
     </span>
     <span class='ocr_line' id='line_1_8' title="bbox 131 896 1397 981; baseline -0.002 -20"><span class='ocrx_word' id='word_1_61' title='bbox 131 898 163 961; x_wconf 90' lang='lat' dir='ltr'><strong>in</strong></span> <span class='ocrx_word' id='word_1_62' title='bbox 186 898 243 961; x_wconf 88' lang='lat' dir='ltr'><strong>bac</strong></span> <span class='ocrx_word' id='word_1_63' title='bbox 268 896 522 962; x_wconf 83' lang='lat' dir='ltr'><strong>Archi-Dioecosi</strong></span> <span class='ocrx_word' id='word_1_64' title='bbox 547 901 702 981; x_wconf 88' lang='lat' dir='ltr'><strong>receptum</strong></span> <span class='ocrx_word' id='word_1_65' title='bbox 725 898 879 981; x_wconf 90' lang='lat' dir='ltr'><strong>agendum</strong></span> <span class='ocrx_word' id='word_1_66' title='bbox 898 898 962 975; x_wconf 78' lang='lat' dir='ltr'><strong>¹erit</strong></span> <span class='ocrx_word' id='word_1_67' title='bbox 985 898 1023 962; x_wconf 93' lang='lat' dir='ltr'><strong>de</strong></span> <span class='ocrx_word' id='word_1_68' title='bbox 1043 896 1203 961; x_wconf 89' lang='lat' dir='ltr'><strong>monendis</strong></span> <span class='ocrx_word' id='word_1_69' title='bbox 1226 899 1258 961; x_wconf 89' lang='lat' dir='ltr'><strong>et</strong></span> <span class='ocrx_word' id='word_1_70' title='bbox 1280 896 1397 961; x_wconf 85' lang='lat' dir='ltr'><strong>corri-</strong></span> 
     </span>
     <span class='ocr_line' id='line_1_9' title="bbox 132 1000 1396 1084; baseline -0.002 -19"><span class='ocrx_word' id='word_1_71' title='bbox 132 1001 240 1083; x_wconf 89' lang='lat' dir='ltr'><strong>gendis</strong></span> <span class='ocrx_word' id='word_1_72' title='bbox 264 1000 443 1077; x_wconf 75' lang='lat' dir='ltr'><strong>Fratribus,</strong></span> <span class='ocrx_word' id='word_1_73' title='bbox 467 1001 493 1064; x_wconf 94' lang='lat' dir='ltr'><strong>si</strong></span> <span class='ocrx_word' id='word_1_74' title='bbox 516 1002 569 1083; x_wconf 90' lang='lat' dir='ltr'><strong>qui</strong></span> <span class='ocrx_word' id='word_1_75' title='bbox 592 1000 690 1065; x_wconf 89' lang='lat' dir='ltr'><strong>notati</strong></span> <span class='ocrx_word' id='word_1_76' title='bbox 714 1001 942 1078; x_wconf 82' lang='lat' dir='ltr'><strong>invenirentur;</strong></span> <span class='ocrx_word' id='word_1_77' title='bbox 975 1020 1035 1084; x_wconf 90' lang='lat' dir='ltr'><strong>quo</strong></span> <span class='ocrx_word' id='word_1_78' title='bbox 1067 1000 1098 1063; x_wconf 91' lang='lat' dir='ltr'><strong>in</strong></span> <span class='ocrx_word' id='word_1_79' title='bbox 1128 1000 1253 1084; x_wconf 90' lang='lat' dir='ltr'><strong>negotio</strong></span> <span class='ocrx_word' id='word_1_80' title='bbox 1279 1000 1396 1066; x_wconf 90' lang='lat' dir='ltr'><strong>corri-</strong></span> 
     </span>
     <span class='ocr_line' id='line_1_10' title="bbox 132 1099 1395 1188; baseline -0.002 -19"><span class='ocrx_word' id='word_1_81' title='bbox 132 1103 277 1188; x_wconf 87' lang='lat' dir='ltr'><strong>gentibus</strong></span> <span class='ocrx_word' id='word_1_82' title='bbox 300 1104 423 1187; x_wconf 89' lang='lat' dir='ltr'><strong>quidem</strong></span> <span class='ocrx_word' id='word_1_83' title='bbox 446 1099 565 1169; x_wconf 80' lang='lat' dir='ltr'><strong>sincera</strong></span> <span class='ocrx_word' id='word_1_84' title='bbox 587 1105 725 1169; x_wconf 88' lang='lat' dir='ltr'><strong>charitas</strong></span> <span class='ocrx_word' id='word_1_85' title='bbox 757 1106 893 1170; x_wconf 85' lang='lat' dir='ltr'><strong>fraterna</strong></span> <span class='ocrx_word' id='word_1_86' title='bbox 923 1124 959 1169; x_wconf 90' lang='lat' dir='ltr'><strong>ac</strong></span> <span class='ocrx_word' id='word_1_87' title='bbox 989 1106 1193 1169; x_wconf 88' lang='lat' dir='ltr'><strong>mansuetudo</strong></span> <span class='ocrx_word' id='word_1_88' title='bbox 1220 1103 1395 1169; x_wconf 84' lang='lat' dir='ltr'><strong>clericalis</strong></span> 
     </span>
     <span class='ocr_line' id='line_1_11' title="bbox 131 1208 1393 1295; baseline -0.002 -22"><span class='ocrx_word' id='word_1_89' title='bbox 131 1208 383 1285; x_wconf 74' lang='lat' dir='ltr'><strong>commendatur,</strong></span> <span class='ocrx_word' id='word_1_90' title='bbox 401 1209 433 1272; x_wconf 92' lang='lat' dir='ltr'><strong>in</strong></span> <span class='ocrx_word' id='word_1_91' title='bbox 457 1208 637 1295; x_wconf 86' lang='lat' dir='ltr'><strong>corrigendo</strong></span> <span class='ocrx_word' id='word_1_92' title='bbox 659 1228 731 1274; x_wconf 85' lang='lat' dir='ltr'><strong>vero</strong></span> <span class='ocrx_word' id='word_1_93' title='bbox 753 1208 917 1274; x_wconf 87' lang='lat' dir='ltr'><strong>humilitas</strong></span> <span class='ocrx_word' id='word_1_94' title='bbox 939 1212 971 1273; x_wconf 92' lang='lat' dir='ltr'><strong>et</strong></span> <span class='ocrx_word' id='word_1_95' title='bbox 993 1210 1113 1292; x_wconf 89' lang='lat' dir='ltr'><strong>promta</strong></span> <span class='ocrx_word' id='word_1_96' title='bbox 1133 1208 1171 1272; x_wconf 90' lang='lat' dir='ltr'><strong>ad</strong></span> <span class='ocrx_word' id='word_1_97' title='bbox 1196 1208 1243 1272; x_wconf 94' lang='lat' dir='ltr'><strong>sui</strong></span> <span class='ocrx_word' id='word_1_98' title='bbox 1270 1227 1393 1273; x_wconf 92' lang='lat' dir='ltr'><strong>emen·</strong></span> 
     </span>
     <span class='ocr_line' id='line_1_12' title="bbox 132 1311 1391 1397; baseline 0.001 -23"><span class='ocrx_word' id='word_1_99' title='bbox 132 1311 287 1375; x_wconf 85' lang='lat' dir='ltr'><strong>dationem</strong></span> <span class='ocrx_word' id='word_1_100' title='bbox 311 1312 452 1377; x_wconf 86' lang='lat' dir='ltr'><strong>voluntas</strong></span> <span class='ocrx_word' id='word_1_101' title='bbox 476 1312 658 1395; x_wconf 80' lang='lat' dir='ltr'><strong>exposcitur.</strong></span> <span class='ocrx_word' id='word_1_102' title='bbox 691 1314 837 1397; x_wconf 85' lang='lat' dir='ltr'><strong>Inprimis</strong></span> <span class='ocrx_word' id='word_1_103' title='bbox 860 1314 965 1377; x_wconf 89' lang='lat' dir='ltr'><strong>autem</strong></span> <span class='ocrx_word' id='word_1_104' title='bbox 981 1314 1008 1377; x_wconf 90' lang='lat' dir='ltr'><strong>si</strong></span> <span class='ocrx_word' id='word_1_105' title='bbox 1023 1312 1168 1377; x_wconf 87' lang='lat' dir='ltr'><strong>adversus</strong></span> <span class='ocrx_word' id='word_1_106' title='bbox 1185 1312 1391 1396; x_wconf 85' lang='lat' dir='ltr'><strong>quempiam.</strong></span> 
     </span>
     <span class='ocr_line' id='line_1_13' title="bbox 133 1415 1391 1504; baseline 0.001 -26"><span class='ocrx_word' id='word_1_107' title='bbox 133 1415 381 1479; x_wconf 88' lang='lat' dir='ltr'><strong>Districtualium</strong></span> <span class='ocrx_word' id='word_1_108' title='bbox 405 1434 459 1481; x_wconf 86' lang='lat' dir='ltr'><strong>seu</strong></span> <span class='ocrx_word' id='word_1_109' title='bbox 479 1416 721 1482; x_wconf 82' lang='lat' dir='ltr'><strong>incontinentiae</strong></span> <span class='ocrx_word' id='word_1_110' title='bbox 745 1436 799 1504; x_wconf 87' lang='lat' dir='ltr'><strong>seu</strong></span> <span class='ocrx_word' id='word_1_111' title='bbox 826 1418 1031 1500; x_wconf 85' lang='lat' dir='ltr'><strong>proclivitatis</strong></span> <span class='ocrx_word' id='word_1_112' title='bbox 1050 1417 1088 1481; x_wconf 87' lang='lat' dir='ltr'><strong>ad</strong></span> <span class='ocrx_word' id='word_1_113' title='bbox 1102 1416 1391 1499; x_wconf 86' lang='lat' dir='ltr'><strong>intemperantiam</strong></span> 
     </span>
     <span class='ocr_line' id='line_1_14' title="bbox 131 1519 1390 1602; baseline 0.001 -20"><span class='ocrx_word' id='word_1_114' title='bbox 131 1519 244 1584; x_wconf 90' lang='lat' dir='ltr'><strong>indicia</strong></span> <span class='ocrx_word' id='word_1_115' title='bbox 274 1521 430 1602; x_wconf 86' lang='lat' dir='ltr'><strong>comperta</strong></span> <span class='ocrx_word' id='word_1_116' title='bbox 457 1520 590 1599; x_wconf 85' lang='lat' dir='ltr'><strong>fuerint,</strong></span> <span class='ocrx_word' id='word_1_117' title='bbox 626 1520 783 1585; x_wconf 82' lang='lat' dir='ltr'><strong>fraternae</strong></span> <span class='ocrx_word' id='word_1_118' title='bbox 816 1523 1013 1587; x_wconf 80' lang='lat' dir='ltr'><strong>correctionis</strong></span> <span class='ocrx_word' id='word_1_119' title='bbox 1043 1520 1179 1585; x_wconf 83' lang='lat' dir='ltr'><strong>cilicium</strong></span> <span class='ocrx_word' id='word_1_120' title='bbox 1212 1520 1390 1597; x_wconf 87' lang='lat' dir='ltr'><strong>monendo,</strong></span> 
     </span>
     <span class='ocr_line' id='line_1_15' title="bbox 131 1623 1388 1708; baseline -0.002 -20"><span class='ocrx_word' id='word_1_121' title='bbox 131 1623 326 1701; x_wconf 80' lang='lat' dir='ltr'><strong>obsecrando,</strong></span> <span class='ocrx_word' id='word_1_122' title='bbox 352 1624 518 1707; x_wconf 86' lang='lat' dir='ltr'><strong>arguendo,</strong></span> <span class='ocrx_word' id='word_1_123' title='bbox 539 1624 732 1707; x_wconf 84' lang='lat' dir='ltr'><strong>increpando,</strong></span> <span class='ocrx_word' id='word_1_124' title='bbox 762 1625 793 1687; x_wconf 91' lang='lat' dir='ltr'><strong>in</strong></span> <span class='ocrx_word' id='word_1_125' title='bbox 817 1625 899 1690; x_wconf 91' lang='lat' dir='ltr'><strong>omni</strong></span> <span class='ocrx_word' id='word_1_126' title='bbox 923 1625 1076 1708; x_wconf 88' lang='lat' dir='ltr'><strong>patientia</strong></span> <span class='ocrx_word' id='word_1_127' title='bbox 1099 1628 1130 1688; x_wconf 89' lang='lat' dir='ltr'><strong>et</strong></span> <span class='ocrx_word' id='word_1_128' title='bbox 1154 1624 1304 1702; x_wconf 90' lang='lat' dir='ltr'><strong>doctrina,</strong></span> <span class='ocrx_word' id='word_1_129' title='bbox 1330 1623 1388 1688; x_wconf 89' lang='lat' dir='ltr'><strong>uti</strong></span> 
     </span>
     <span class='ocr_line' id='line_1_16' title="bbox 131 1713 1389 1812; baseline 0.001 -22"><span class='ocrx_word' id='word_1_130' title='bbox 131 1728 235 1790; x_wconf 89' lang='lat' dir='ltr'><strong>monet</strong></span> <span class='ocrx_word' id='word_1_131' title='bbox 259 1727 424 1809; x_wconf 78' lang='lat' dir='ltr'><strong>Apostolus</strong></span> <span class='ocrx_word' id='word_1_132' title='bbox 445 1726 636 1812; x_wconf 78' lang='lat' dir='ltr'><strong>(Capellanis</strong></span> <span class='ocrx_word' id='word_1_133' title='bbox 658 1728 765 1793; x_wconf 85' lang='lat' dir='ltr'><strong>tameo</strong></span> <span class='ocrx_word' id='word_1_134' title='bbox 787 1728 813 1792; x_wconf 91' lang='lat' dir='ltr'><strong>si</strong></span> <span class='ocrx_word' id='word_1_135' title='bbox 836 1728 949 1812; x_wconf 87' lang='lat' dir='ltr'><strong>aliquis</strong></span> <span class='ocrx_word' id='word_1_136' title='bbox 973 1713 1182 1793; x_wconf 87' lang='lat' dir='ltr'><strong>Parochdrum</strong></span> <span class='ocrx_word' id='word_1_137' title='bbox 1205 1728 1389 1792; x_wconf 85' lang='lat' dir='ltr'><strong>monendus</strong></span> 
     </span>
     <span class='ocr_line' id='line_1_17' title="bbox 131 1830 1386 1915; baseline 0.001 -22"><span class='ocrx_word' id='word_1_138' title='bbox 131 1830 210 1896; x_wconf 79' lang='lat' dir='ltr'><strong>foret</strong></span> <span class='ocrx_word' id='word_1_139' title='bbox 234 1850 252 1895; x_wconf 88' lang='lat' dir='ltr'><strong>a</strong></span> <span class='ocrx_word' id='word_1_140' title='bbox 275 1848 417 1896; x_wconf 89' lang='lat' dir='ltr'><strong>consessu</strong></span> <span class='ocrx_word' id='word_1_141' title='bbox 438 1832 586 1915; x_wconf 82' lang='lat' dir='ltr'><strong>remotis),</strong></span> <span class='ocrx_word' id='word_1_142' title='bbox 608 1832 686 1896; x_wconf 90' lang='lat' dir='ltr'><strong>serio</strong></span> <span class='ocrx_word' id='word_1_143' title='bbox 710 1832 890 1914; x_wconf 90' lang='lat' dir='ltr'><strong>explendum</strong></span> <span class='ocrx_word' id='word_1_144' title='bbox 909 1832 977 1897; x_wconf 88' lang='lat' dir='ltr'><strong>erit.</strong></span> <span class='ocrx_word' id='word_1_145' title='bbox 1011 1832 1206 1914; x_wconf 77' lang='lat' dir='ltr'><strong>Experientia</strong></span> <span class='ocrx_word' id='word_1_146' title='bbox 1221 1832 1386 1914; x_wconf 86' lang='lat' dir='ltr'><strong>siquidem</strong></span> 
     </span>
     <span class='ocr_line' id='line_1_18' title="bbox 131 1934 1385 2019; baseline 0 -21"><span class='ocrx_word' id='word_1_147' title='bbox 131 1934 221 1999; x_wconf 87' lang='lat' dir='ltr'><strong>testis</strong></span> <span class='ocrx_word' id='word_1_148' title='bbox 243 1936 306 2013; x_wconf 86' lang='lat' dir='ltr'><strong>est,</strong></span> <span class='ocrx_word' id='word_1_149' title='bbox 336 1934 473 1999; x_wconf 83' lang='lat' dir='ltr'><strong>infelices</strong></span> <span class='ocrx_word' id='word_1_150' title='bbox 495 1936 647 2019; x_wconf 91' lang='lat' dir='ltr'><strong>ejusmodi</strong></span> <span class='ocrx_word' id='word_1_151' title='bbox 671 1937 791 2000; x_wconf 90' lang='lat' dir='ltr'><strong>mature</strong></span> <span class='ocrx_word' id='word_1_152' title='bbox 815 1938 846 2000; x_wconf 89' lang='lat' dir='ltr'><strong>et</strong></span> <span class='ocrx_word' id='word_1_153' title='bbox 869 1937 947 2000; x_wconf 87' lang='lat' dir='ltr'><strong>serio</strong></span> <span class='ocrx_word' id='word_1_154' title='bbox 971 1937 1173 2002; x_wconf 90' lang='lat' dir='ltr'><strong>commonitos</strong></span> <span class='ocrx_word' id='word_1_155' title='bbox 1196 1936 1319 2001; x_wconf 80' lang='lat' dir='ltr'><strong>facilius</strong></span> <span class='ocrx_word' id='word_1_156' title='bbox 1346 1954 1385 1998; x_wconf 88' lang='lat' dir='ltr'><strong>se</strong></span> 
     </span>
     <span class='ocr_line' id='line_1_19' title="bbox 131 2038 1385 2121; baseline -0.001 -18"><span class='ocrx_word' id='word_1_157' title='bbox 131 2038 327 2115; x_wconf 80' lang='lat' dir='ltr'><strong>emendasse3</strong></span> <span class='ocrx_word' id='word_1_158' title='bbox 351 2038 405 2102; x_wconf 85' lang='lat' dir='ltr'><strong>nbi</strong></span> <span class='ocrx_word' id='word_1_159' title='bbox 420 2038 453 2116; x_wconf 90' lang='lat' dir='ltr'><strong>ii,</strong></span> <span class='ocrx_word' id='word_1_160' title='bbox 477 2058 546 2103; x_wconf 93' lang='lat' dir='ltr'><strong>cum</strong></span> <span class='ocrx_word' id='word_1_161' title='bbox 564 2040 675 2121; x_wconf 91' lang='lat' dir='ltr'><strong>quibus</strong></span> <span class='ocrx_word' id='word_1_162' title='bbox 691 2038 923 2104; x_wconf 83' lang='lat' dir='ltr'><strong>dissimulanter</strong></span> <span class='ocrx_word' id='word_1_163' title='bbox 939 2042 1044 2104; x_wconf 86' lang='lat' dir='ltr'><strong>actum</strong></span> <span class='ocrx_word' id='word_1_164' title='bbox 1060 2041 1129 2119; x_wconf 85' lang='lat' dir='ltr'><strong>luit,</strong></span> <span class='ocrx_word' id='word_1_165' title='bbox 1150 2040 1258 2104; x_wconf 90' lang='lat' dir='ltr'><strong>induto</strong></span> <span class='ocrx_word' id='word_1_166' title='bbox 1278 2038 1385 2103; x_wconf 88' lang='lat' dir='ltr'><strong>semel</strong></span> 
     </span>
     <span class='ocr_line' id='line_1_20' title="bbox 131 2141 1383 2226; baseline 0.001 -21"><span class='ocrx_word' id='word_1_167' title='bbox 131 2141 276 2207; x_wconf 88' lang='lat' dir='ltr'><strong>vitiorum</strong></span> <span class='ocrx_word' id='word_1_168' title='bbox 300 2142 425 2221; x_wconf 88' lang='lat' dir='ltr'><strong>babitu,</strong></span> <span class='ocrx_word' id='word_1_169' title='bbox 459 2162 614 2225; x_wconf 87' lang='lat' dir='ltr'><strong>nunquam</strong></span> <span class='ocrx_word' id='word_1_170' title='bbox 646 2144 708 2207; x_wconf 84' lang='lat' dir='ltr'><strong>fere</strong></span> <span class='ocrx_word' id='word_1_171' title='bbox 732 2144 772 2207; x_wconf 92' lang='lat' dir='ltr'><strong>ad</strong></span> <span class='ocrx_word' id='word_1_172' title='bbox 801 2143 1046 2208; x_wconf 88' lang='lat' dir='ltr'><strong>emendationem</strong></span> <span class='ocrx_word' id='word_1_173' title='bbox 1078 2144 1290 2226; x_wconf 88' lang='lat' dir='ltr'><strong>pertigerunt,</strong></span> <span class='ocrx_word' id='word_1_174' title='bbox 1320 2142 1383 2206; x_wconf 91' lang='lat' dir='ltr'><strong>sed</strong></span> 
     </span>
     <span class='ocr_line' id='line_1_21' title="bbox 130 2244 1379 2329; baseline 0 -19"><span class='ocrx_word' id='word_1_175' title='bbox 130 2244 253 2310; x_wconf 90' lang='lat' dir='ltr'><strong>tandem</strong></span> <span class='ocrx_word' id='word_1_176' title='bbox 275 2245 307 2309; x_wconf 92' lang='lat' dir='ltr'><strong>in</strong></span> <span class='ocrx_word' id='word_1_177' title='bbox 332 2246 456 2329; x_wconf 87' lang='lat' dir='ltr'><strong>publica</strong></span> <span class='ocrx_word' id='word_1_178' title='bbox 479 2246 624 2311; x_wconf 90' lang='lat' dir='ltr'><strong>scandala</strong></span> <span class='ocrx_word' id='word_1_179' title='bbox 647 2264 701 2329; x_wconf 90' lang='lat' dir='ltr'><strong>pro</strong></span> <span class='ocrx_word' id='word_1_180' title='bbox 725 2266 837 2329; x_wconf 87' lang='lat' dir='ltr'><strong>magno</strong></span> <span class='ocrx_word' id='word_1_181' title='bbox 859 2248 925 2324; x_wconf 88' lang='lat' dir='ltr'><strong>sui,</strong></span> <span class='ocrx_word' id='word_1_182' title='bbox 955 2250 987 2311; x_wconf 91' lang='lat' dir='ltr'><strong>et</strong></span> <span class='ocrx_word' id='word_1_183' title='bbox 1014 2247 1111 2312; x_wconf 87' lang='lat' dir='ltr'><strong>totius</strong></span> <span class='ocrx_word' id='word_1_184' title='bbox 1134 2247 1250 2312; x_wconf 90' lang='lat' dir='ltr'><strong>ordinis</strong></span> <span class='ocrx_word' id='word_1_185' title='bbox 1273 2246 1379 2311; x_wconf 82' lang='lat' dir='ltr'><strong>Cleri-</strong></span> 
     </span>
     <span class='ocr_line' id='line_1_22' title="bbox 131 2347 1379 2434; baseline 0.002 -23"><span class='ocrx_word' id='word_1_186' title='bbox 131 2348 207 2415; x_wconf 89' lang='lat' dir='ltr'><strong>calis</strong></span> <span class='ocrx_word' id='word_1_187' title='bbox 224 2347 369 2415; x_wconf 90' lang='lat' dir='ltr'><strong>dedecore</strong></span> <span class='ocrx_word' id='word_1_188' title='bbox 385 2350 557 2433; x_wconf 89' lang='lat' dir='ltr'><strong>salutisque</strong></span> <span class='ocrx_word' id='word_1_189' title='bbox 578 2350 751 2415; x_wconf 89' lang='lat' dir='ltr'><strong>animarum</strong></span> <span class='ocrx_word' id='word_1_190' title='bbox 770 2351 904 2434; x_wconf 88' lang='lat' dir='ltr'><strong>periculo</strong></span> <span class='ocrx_word' id='word_1_191' title='bbox 924 2353 1137 2434; x_wconf 89' lang='lat' dir='ltr'><strong>proruperunt.</strong></span> <span class='ocrx_word' id='word_1_192' title='bbox 1162 2351 1214 2416; x_wconf 86' lang='lat' dir='ltr'><strong>7-o</strong></span> <span class='ocrx_word' id='word_1_193' title='bbox 1232 2350 1379 2428; x_wconf 86' lang='lat' dir='ltr'><strong>Perinde,</strong></span> 
     </span>
     <span class='ocr_line' id='line_1_23' title="bbox 131 2452 1378 2543; baseline 0.002 -28"><span class='ocrx_word' id='word_1_194' title='bbox 131 2452 157 2516; x_wconf 90' lang='lat' dir='ltr'><strong>si</strong></span> <span class='ocrx_word' id='word_1_195' title='bbox 174 2452 423 2543; x_wconf 39' lang='lat' dir='ltr'><strong>aV.-A.·Dioconi</strong></span> <span class='ocrx_word' id='word_1_196' title='bbox 446 2455 605 2538; x_wconf 87' lang='lat' dir='ltr'><strong>quospiam</strong></span> <span class='ocrx_word' id='word_1_197' title='bbox 629 2454 790 2520; x_wconf 89' lang='lat' dir='ltr'><strong>induratos</strong></span> <span class='ocrx_word' id='word_1_198' title='bbox 816 2455 957 2520; x_wconf 85' lang='lat' dir='ltr'><strong>fortassis</strong></span> <span class='ocrx_word' id='word_1_199' title='bbox 983 2454 1090 2538; x_wconf 87' lang='lat' dir='ltr'><strong>jurgia</strong></span> <span class='ocrx_word' id='word_1_200' title='bbox 1118 2456 1150 2519; x_wconf 91' lang='lat' dir='ltr'><strong>et</strong></span> <span class='ocrx_word' id='word_1_201' title='bbox 1182 2454 1312 2518; x_wconf 89' lang='lat' dir='ltr'><strong>dissidia</strong></span> <span class='ocrx_word' id='word_1_202' title='bbox 1340 2455 1378 2517; x_wconf 92' lang='lat' dir='ltr'><strong>in</strong></span> 
     </span>
     <span class='ocr_line' id='line_1_24' title="bbox 19 2538 1379 2642; baseline -0.001 -20"><span class='ocrx_word' id='word_1_203' title='bbox 19 2538 205 2641; x_wconf 39' lang='lat' dir='ltr'><strong>ff‘a‘g‘ro</strong></span> <span class='ocrx_word' id='word_1_204' title='bbox 225 2558 339 2622; x_wconf 86' lang='lat' dir='ltr'><strong>amoris</strong></span> <span class='ocrx_word' id='word_1_205' title='bbox 361 2558 513 2623; x_wconf 86' lang='lat' dir='ltr'><strong>seminare</strong></span> <span class='ocrx_word' id='word_1_206' title='bbox 541 2558 749 2637; x_wconf 81' lang='lat' dir='ltr'><strong>adverterint,</strong></span> <span class='ocrx_word' id='word_1_207' title='bbox 784 2578 834 2623; x_wconf 90' lang='lat' dir='ltr'><strong>eos</strong></span> <span class='ocrx_word' id='word_1_208' title='bbox 867 2559 1002 2624; x_wconf 84' lang='lat' dir='ltr'><strong>fraterne</strong></span> <span class='ocrx_word' id='word_1_209' title='bbox 1033 2560 1188 2642; x_wconf 87' lang='lat' dir='ltr'><strong>correptos</strong></span> <span class='ocrx_word' id='word_1_210' title='bbox 1221 2558 1379 2641; x_wconf 85' lang='lat' dir='ltr'><strong>corrigere</strong></span> 
     </span>
     <span class='ocr_line' id='line_1_25' title="bbox 130 2660 1378 2743; baseline 0.001 -17"><span class='ocrx_word' id='word_1_211' title='bbox 130 2660 293 2743; x_wconf 79' lang='lat' dir='ltr'><strong>studeant3</strong></span> <span class='ocrx_word' id='word_1_212' title='bbox 322 2661 354 2726; x_wconf 91' lang='lat' dir='ltr'><strong>io</strong></span> <span class='ocrx_word' id='word_1_213' title='bbox 383 2661 506 2727; x_wconf 86' lang='lat' dir='ltr'><strong>irritum</strong></span> <span class='ocrx_word' id='word_1_214' title='bbox 531 2681 599 2728; x_wconf 87' lang='lat' dir='ltr'><strong>uero</strong></span> <span class='ocrx_word' id='word_1_215' title='bbox 623 2662 830 2727; x_wconf 87' lang='lat' dir='ltr'><strong>recidentibus</strong></span> <span class='ocrx_word' id='word_1_216' title='bbox 853 2663 974 2729; x_wconf 85' lang='lat' dir='ltr'><strong>iteratis</strong></span> <span class='ocrx_word' id='word_1_217' title='bbox 997 2663 1234 2739; x_wconf 87' lang='lat' dir='ltr'><strong>monitionibus,</strong></span> <span class='ocrx_word' id='word_1_218' title='bbox 1264 2662 1301 2727; x_wconf 91' lang='lat' dir='ltr'><strong>de</strong></span> <span class='ocrx_word' id='word_1_219' title='bbox 1324 2665 1378 2727; x_wconf 88' lang='lat' dir='ltr'><strong>ta·</strong></span> 
     </span>
     <span class='ocr_line' id='line_1_26' title="bbox 130 2764 1377 2849; baseline 0.001 -20"><span class='ocrx_word' id='word_1_220' title='bbox 130 2765 206 2829; x_wconf 90' lang='lat' dir='ltr'><strong>lium</strong></span> <span class='ocrx_word' id='word_1_221' title='bbox 241 2765 413 2831; x_wconf 85' lang='lat' dir='ltr'><strong>excessibus</strong></span> <span class='ocrx_word' id='word_1_222' title='bbox 444 2764 588 2831; x_wconf 85' lang='lat' dir='ltr'><strong>Officium</strong></span> <span class='ocrx_word' id='word_1_223' title='bbox 622 2766 865 2845; x_wconf 90' lang='lat' dir='ltr'><strong>Dioecesanum,</strong></span> <span class='ocrx_word' id='word_1_224' title='bbox 901 2769 1073 2849; x_wconf 88' lang='lat' dir='ltr'><strong>positurum</strong></span> <span class='ocrx_word' id='word_1_225' title='bbox 1108 2768 1191 2831; x_wconf 91' lang='lat' dir='ltr'><strong>corte</strong></span> <span class='ocrx_word' id='word_1_226' title='bbox 1225 2766 1377 2832; x_wconf 85' lang='lat' dir='ltr'><strong>fratribus</strong></span> 
     </span>
     <span class='ocr_line' id='line_1_27' title="bbox 131 2869 1375 2955; baseline -0.002 -19"><span class='ocrx_word' id='word_1_227' title='bbox 131 2889 200 2936; x_wconf 89' lang='lat' dir='ltr'><strong>cum</strong></span> <span class='ocrx_word' id='word_1_228' title='bbox 221 2869 347 2953; x_wconf 87' lang='lat' dir='ltr'><strong>justitia</strong></span> <span class='ocrx_word' id='word_1_229' title='bbox 368 2888 486 2953; x_wconf 89' lang='lat' dir='ltr'><strong>pacem,</strong></span> <span class='ocrx_word' id='word_1_230' title='bbox 508 2870 684 2936; x_wconf 86' lang='lat' dir='ltr'><strong>informent.</strong></span> <span class='ocrx_word' id='word_1_231' title='bbox 712 2872 766 2935; x_wconf 88' lang='grc'><strong>8-0</strong></span> <span class='ocrx_word' id='word_1_232' title='bbox 785 2872 947 2955; x_wconf 88' lang='lat' dir='ltr'><strong>Perquiret</strong></span> <span class='ocrx_word' id='word_1_233' title='bbox 962 2871 1245 2948; x_wconf 81' lang='lat' dir='ltr'><strong>V.-A.-Diaoonus,</strong></span> <span class='ocrx_word' id='word_1_234' title='bbox 1265 2870 1375 2953; x_wconf 87' lang='lat' dir='ltr'><strong>quales</strong></span> 
     </span>
     <span class='ocr_line' id='line_1_28' title="bbox 130 2973 1373 3057; baseline 0 -20"><span class='ocrx_word' id='word_1_235' title='bbox 130 2973 193 3039; x_wconf 89' lang='lat' dir='ltr'><strong>sint</strong></span> <span class='ocrx_word' id='word_1_236' title='bbox 216 2973 440 3057; x_wconf 86' lang='lat' dir='ltr'><strong>Ludimagistri</strong></span> <span class='ocrx_word' id='word_1_237' title='bbox 463 2974 494 3038; x_wconf 90' lang='lat' dir='ltr'><strong>in</strong></span> <span class='ocrx_word' id='word_1_238' title='bbox 518 2975 672 3054; x_wconf 85' lang='lat' dir='ltr'><strong>moribus,</strong></span> <span class='ocrx_word' id='word_1_239' title='bbox 704 2977 736 3039; x_wconf 92' lang='lat' dir='ltr'><strong>et</strong></span> <span class='ocrx_word' id='word_1_240' title='bbox 767 2974 867 3040; x_wconf 80' lang='lat' dir='ltr'><strong>officio</strong></span> <span class='ocrx_word' id='word_1_241' title='bbox 894 2994 950 3040; x_wconf 88' lang='lat' dir='ltr'><strong>suo</strong></span> <span class='ocrx_word' id='word_1_242' title='bbox 972 2978 1039 3041; x_wconf 86' lang='lat' dir='ltr'><strong>tam</strong></span> <span class='ocrx_word' id='word_1_243' title='bbox 1063 2975 1095 3040; x_wconf 89' lang='lat' dir='ltr'><strong>in</strong></span> <span class='ocrx_word' id='word_1_244' title='bbox 1119 2975 1257 3039; x_wconf 76' lang='lat' dir='ltr'><strong>Ecclesia</strong></span> <span class='ocrx_word' id='word_1_245' title='bbox 1278 2994 1373 3057; x_wconf 88' lang='lat' dir='ltr'><strong>quem</strong></span> 
     </span>
     <span class='ocr_line' id='line_1_29' title="bbox 130 3074 1372 3163; baseline -0.001 -21"><span class='ocrx_word' id='word_1_246' title='bbox 130 3076 226 3142; x_wconf 88' lang='lat' dir='ltr'><strong>etiam</strong></span> <span class='ocrx_word' id='word_1_247' title='bbox 241 3074 376 3143; x_wconf 76' lang='lat' dir='ltr'><strong>Schola?</strong></span> <span class='ocrx_word' id='word_1_248' title='bbox 400 3078 444 3141; x_wconf 89' lang='lat' dir='ltr'><strong>Ac</strong></span> <span class='ocrx_word' id='word_1_249' title='bbox 466 3078 492 3142; x_wconf 87' lang='lat' dir='ltr'><strong>si</strong></span> <span class='ocrx_word' id='word_1_250' title='bbox 516 3078 674 3162; x_wconf 86' lang='lat' dir='ltr'><strong>quidpiam</strong></span> <span class='ocrx_word' id='word_1_251' title='bbox 691 3079 905 3163; x_wconf 88' lang='lat' dir='ltr'><strong>corrigendum</strong></span> <span class='ocrx_word' id='word_1_252' title='bbox 921 3079 1185 3145; x_wconf 86' lang='lat' dir='ltr'><strong>emendandumre</strong></span> <span class='ocrx_word' id='word_1_253' title='bbox 1200 3078 1372 3143; x_wconf 86' lang='lat' dir='ltr'><strong>invenerit:</strong></span> 
     </span>
     <span class='ocr_line' id='line_1_30' title="bbox 130 3180 1373 3267; baseline 0 -22"><span class='ocrx_word' id='word_1_254' title='bbox 130 3199 199 3245; x_wconf 91' lang='lat' dir='ltr'><strong>mox</strong></span> <span class='ocrx_word' id='word_1_255' title='bbox 219 3199 356 3266; x_wconf 89' lang='lat' dir='ltr'><strong>congrua</strong></span> <span class='ocrx_word' id='word_1_256' title='bbox 375 3180 526 3263; x_wconf 85' lang='lat' dir='ltr'><strong>disponet,</strong></span> <span class='ocrx_word' id='word_1_257' title='bbox 550 3183 582 3248; x_wconf 89' lang='lat' dir='ltr'><strong>in</strong></span> <span class='ocrx_word' id='word_1_258' title='bbox 603 3182 797 3267; x_wconf 85' lang='lat' dir='ltr'><strong>gravioribus</strong></span> <span class='ocrx_word' id='word_1_259' title='bbox 821 3202 891 3249; x_wconf 87' lang='lat' dir='ltr'><strong>uero</strong></span> <span class='ocrx_word' id='word_1_260' title='bbox 908 3184 946 3248; x_wconf 82' lang='lat' dir='ltr'><strong>sd</strong></span> <span class='ocrx_word' id='word_1_261' title='bbox 964 3184 1174 3248; x_wconf 88' lang='lat' dir='ltr'><strong>dioecesanam</strong></span> <span class='ocrx_word' id='word_1_262' title='bbox 1189 3181 1373 3248; x_wconf 84' lang='lat' dir='ltr'><strong>Scholarum</strong></span> 
     </span>
     <span class='ocr_line' id='line_1_31' title="bbox 127 3283 1373 3363; baseline 0.002 -14"><span class='ocrx_word' id='word_1_263' title='bbox 127 3284 366 3363; x_wconf 74' lang='lat' dir='ltr'><strong>-Dircctiouem,</strong></span> <span class='ocrx_word' id='word_1_264' title='bbox 384 3286 432 3350; x_wconf 90' lang='lat' dir='ltr'><strong>vel</strong></span> <span class='ocrx_word' id='word_1_265' title='bbox 463 3283 607 3351; x_wconf 86' lang='lat' dir='ltr'><strong>Officium</strong></span> <span class='ocrx_word' id='word_1_266' title='bbox 636 3286 859 3352; x_wconf 89' lang='lat' dir='ltr'><strong>Dioecesanum</strong></span> <span class='ocrx_word' id='word_1_267' title='bbox 882 3288 1063 3352; x_wconf 90' lang='lat' dir='ltr'><strong>relationem</strong></span> <span class='ocrx_word' id='word_1_268' title='bbox 1088 3287 1189 3353; x_wconf 81' lang='lat' dir='ltr'><strong>faciet.</strong></span> <span class='ocrx_word' id='word_1_269' title='bbox 1236 3288 1290 3351; x_wconf 86' lang='grc'><strong>9-0</strong></span> <span class='ocrx_word' id='word_1_270' title='bbox 1313 3286 1373 3351; x_wconf 90' lang='lat' dir='ltr'><strong>His</strong></span> 
     </span>
     <span class='ocr_line' id='line_1_32' title="bbox 130 3388 1373 3475; baseline 0.002 -22"><span class='ocrx_word' id='word_1_271' title='bbox 130 3388 262 3471; x_wconf 89' lang='lat' dir='ltr'><strong>peractis</strong></span> <span class='ocrx_word' id='word_1_272' title='bbox 291 3391 497 3471; x_wconf 89' lang='lat' dir='ltr'><strong>opportunum</strong></span> <span class='ocrx_word' id='word_1_273' title='bbox 527 3392 587 3455; x_wconf 86' lang='lat' dir='ltr'><strong>erit</strong></span> <span class='ocrx_word' id='word_1_274' title='bbox 618 3410 672 3473; x_wconf 91' lang='lat' dir='ltr'><strong>pro</strong></span> <span class='ocrx_word' id='word_1_275' title='bbox 704 3391 812 3455; x_wconf 90' lang='lat' dir='ltr'><strong>futura</strong></span> <span class='ocrx_word' id='word_1_276' title='bbox 841 3390 1086 3475; x_wconf 67' lang='lat' dir='ltr'><strong>congregatione</strong></span> <span class='ocrx_word' id='word_1_277' title='bbox 1111 3392 1213 3456; x_wconf 90' lang='lat' dir='ltr'><strong>locum</strong></span> <span class='ocrx_word' id='word_1_278' title='bbox 1235 3392 1269 3457; x_wconf 89' lang='grc'><strong>00</strong></span> <span class='ocrx_word' id='word_1_279' title='bbox 1291 3391 1373 3455; x_wconf 88' lang='lat' dir='ltr'><strong>diem</strong></span> 
     </span>
     <span class='ocr_line' id='line_1_33' title="bbox 130 3490 1371 3578; baseline 0.002 -23"><span class='ocrx_word' id='word_1_280' title='bbox 130 3490 301 3575; x_wconf 85' lang='lat' dir='ltr'><strong>designare.</strong></span> <span class='ocrx_word' id='word_1_281' title='bbox 336 3492 409 3557; x_wconf 86' lang='lat' dir='ltr'><strong>10-o</strong></span> <span class='ocrx_word' id='word_1_282' title='bbox 433 3492 612 3559; x_wconf 78' lang='lat' dir='ltr'><strong>Coronidem</strong></span> <span class='ocrx_word' id='word_1_283' title='bbox 629 3494 768 3577; x_wconf 89' lang='lat' dir='ltr'><strong>imponet</strong></span> <span class='ocrx_word' id='word_1_284' title='bbox 783 3494 956 3578; x_wconf 86' lang='lat' dir='ltr'><strong>gratiarum</strong></span> <span class='ocrx_word' id='word_1_285' title='bbox 976 3495 1057 3560; x_wconf 91' lang='lat' dir='ltr'><strong>actio</strong></span> <span class='ocrx_word' id='word_1_286' title='bbox 1073 3514 1125 3578; x_wconf 90' lang='lat' dir='ltr'><strong>per</strong></span> <span class='ocrx_word' id='word_1_287' title='bbox 1141 3495 1371 3577; x_wconf 81' lang='lat' dir='ltr'><strong>Antiphonem:</strong></span> 
     </span>
     <span class='ocr_line' id='line_1_34' title="bbox 133 3591 1373 3681; baseline 0.006 -25"><span class='ocrx_word' id='word_1_288' title='bbox 133 3596 257 3659; x_wconf 78' lang='lat' dir='ltr'><strong>»Bonus</strong></span> <span class='ocrx_word' id='word_1_289' title='bbox 270 3596 380 3661; x_wconf 88' lang='lat' dir='ltr'><strong>Pastor</strong></span> <span class='ocrx_word' id='word_1_290' title='bbox 396 3596 532 3662; x_wconf 89' lang='lat' dir='ltr'><strong>animam</strong></span> <span class='ocrx_word' id='word_1_291' title='bbox 549 3616 636 3661; x_wconf 86' lang='lat' dir='ltr'><strong>suam</strong></span> <span class='ocrx_word' id='word_1_292' title='bbox 653 3597 740 3681; x_wconf 89' lang='lat' dir='ltr'><strong>ponit</strong></span> <span class='ocrx_word' id='word_1_293' title='bbox 756 3617 810 3680; x_wconf 86' lang='lat' dir='ltr'><strong>pro</strong></span> <span class='ocrx_word' id='word_1_294' title='bbox 827 3599 936 3663; x_wconf 86' lang='lat' dir='ltr'><strong>oribus</strong></span> <span class='ocrx_word' id='word_1_295' title='bbox 954 3591 1028 3677; x_wconf 89' lang='lat' dir='ltr'><strong>suis,</strong></span> <span class='ocrx_word' id='word_1_296' title='bbox 1045 3599 1252 3664; x_wconf 87' lang='lat' dir='ltr'><strong>mercenarius</strong></span> <span class='ocrx_word' id='word_1_297' title='bbox 1268 3600 1373 3663; x_wconf 87' lang='lat' dir='ltr'><strong>antem</strong></span> 
     </span>
     <span class='ocr_line' id='line_1_35' title="bbox 133 3698 1372 3785; baseline 0.006 -25"><span class='ocrx_word' id='word_1_298' title='bbox 133 3699 247 3782; x_wconf 64' lang='lat' dir='ltr'><strong>mugit,</strong></span> <span class='ocrx_word' id='word_1_299' title='bbox 281 3698 352 3784; x_wconf 86' lang='lat' dir='ltr'><strong>quia</strong></span> <span class='ocrx_word' id='word_1_300' title='bbox 368 3700 589 3765; x_wconf 86' lang='lat' dir='ltr'><strong>mercenarius</strong></span> <span class='ocrx_word' id='word_1_301' title='bbox 620 3703 677 3781; x_wconf 87' lang='lat' dir='ltr'><strong>est,</strong></span> <span class='ocrx_word' id='word_1_302' title='bbox 717 3703 748 3765; x_wconf 89' lang='lat' dir='ltr'><strong>et</strong></span> <span class='ocrx_word' id='word_1_303' title='bbox 781 3721 841 3767; x_wconf 92' lang='grc'><strong>000</strong></span> <span class='ocrx_word' id='word_1_304' title='bbox 867 3702 1001 3785; x_wconf 86' lang='lat' dir='ltr'><strong>pertinet</strong></span> <span class='ocrx_word' id='word_1_305' title='bbox 1030 3701 1070 3768; x_wconf 86' lang='lat' dir='ltr'><strong>ad</strong></span> <span class='ocrx_word' id='word_1_306' title='bbox 1098 3722 1166 3767; x_wconf 91' lang='lat' dir='ltr'><strong>eum</strong></span> <span class='ocrx_word' id='word_1_307' title='bbox 1195 3702 1233 3767; x_wconf 90' lang='lat' dir='ltr'><strong>de</strong></span> <span class='ocrx_word' id='word_1_308' title='bbox 1255 3702 1372 3769; x_wconf 85' lang='lat' dir='ltr'><strong>oribus.</strong></span> 
     </span>
     <span class='ocr_line' id='line_1_36' title="bbox 133 3800 1374 3892; baseline 0.007 -30"><span class='ocrx_word' id='word_1_309' title='bbox 133 3800 192 3879; x_wconf 67' lang='lat' dir='ltr'><strong>ott.</strong></span> <span class='ocrx_word' id='word_1_310' title='bbox 217 3800 325 3868; x_wconf 91' lang='lat' dir='ltr'><strong>Deduc</strong></span> <span class='ocrx_word' id='word_1_311' title='bbox 357 3822 404 3869; x_wconf 88' lang='lat' dir='ltr'><strong>me</strong></span> <span class='ocrx_word' id='word_1_312' title='bbox 438 3804 566 3869; x_wconf 88' lang='lat' dir='ltr'><strong>Domino</strong></span> <span class='ocrx_word' id='word_1_313' title='bbox 596 3804 627 3869; x_wconf 90' lang='lat' dir='ltr'><strong>in</strong></span> <span class='ocrx_word' id='word_1_314' title='bbox 660 3805 804 3869; x_wconf 88' lang='lat' dir='ltr'><strong>semitam</strong></span> <span class='ocrx_word' id='word_1_315' title='bbox 839 3807 1055 3888; x_wconf 88' lang='lat' dir='ltr'><strong>mandatorum</strong></span> <span class='ocrx_word' id='word_1_316' title='bbox 1090 3806 1222 3871; x_wconf 89' lang='lat' dir='ltr'><strong>tuorum.</strong></span> <span class='ocrx_word' id='word_1_317' title='bbox 1267 3806 1374 3892; x_wconf 63' lang='grc' dir='ltr'><strong>10.Εο</strong></span> 
     </span>
     <span class='ocr_line' id='line_1_37' title="bbox 132 3905 1372 3995; baseline 0.007 -29"><span class='ocrx_word' id='word_1_318' title='bbox 132 3905 390 3991; x_wconf 75' lang='lat' dir='ltr'><strong>›Justificationes</strong></span> <span class='ocrx_word' id='word_1_319' title='bbox 404 3910 474 3973; x_wconf 89' lang='lat' dir='ltr'><strong>tuas</strong></span> <span class='ocrx_word' id='word_1_320' title='bbox 492 3908 566 3973; x_wconf 92' lang='lat' dir='ltr'><strong>doce</strong></span> <span class='ocrx_word' id='word_1_321' title='bbox 587 3929 665 3987; x_wconf 71' lang='lat' dir='ltr'><strong>mac</strong></span> <span class='ocrx_word' id='word_1_322' title='bbox 692 3947 733 3956; x_wconf 90' lang='lat'><em>-</em></span> <span class='ocrx_word' id='word_1_323' title='bbox 756 3912 789 3974; x_wconf 86' lang='lat' dir='ltr'><strong>el</strong></span> <span class='ocrx_word' id='word_1_324' title='bbox 811 3910 997 3976; x_wconf 86' lang='lat' dir='ltr'><strong>orationem:</strong></span> <span class='ocrx_word' id='word_1_325' title='bbox 1024 3910 1135 3987; x_wconf 73' lang='lat' dir='ltr'><strong>»Deus</strong></span> <span class='ocrx_word' id='word_1_326' title='bbox 1159 3910 1212 3995; x_wconf 92' lang='lat' dir='ltr'><strong>qui</strong></span> <span class='ocrx_word' id='word_1_327' title='bbox 1235 3930 1289 3975; x_wconf 92' lang='lat' dir='ltr'><strong>nos</strong></span> <span class='ocrx_word' id='word_1_328' title='bbox 1314 3912 1372 3975; x_wconf 90' lang='lat' dir='ltr'><strong>Pa·</strong></span> 
     </span>
     <span class='ocr_line' id='line_1_38' title="bbox 132 4011 1371 4097; baseline 0.006 -26"><span class='ocrx_word' id='word_1_329' title='bbox 132 4012 248 4077; x_wconf 76' lang='lat' dir='ltr'><strong>»stores</strong></span> <span class='ocrx_word' id='word_1_330' title='bbox 268 4011 301 4075; x_wconf 91' lang='lat' dir='ltr'><strong>in</strong></span> <span class='ocrx_word' id='word_1_331' title='bbox 324 4013 434 4095; x_wconf 90' lang='lat' dir='ltr'><strong>populo</strong></span> <span class='ocrx_word' id='word_1_332' title='bbox 456 4014 511 4078; x_wconf 92' lang='lat' dir='ltr'><strong>tuo</strong></span> <span class='ocrx_word' id='word_1_333' title='bbox 539 4014 642 4079; x_wconf 87' lang='lat' dir='ltr'><strong>vocari</strong></span> <span class='ocrx_word' id='word_1_334' title='bbox 671 4013 817 4093; x_wconf 90' lang='lat' dir='ltr'><strong>voluisti,</strong></span> <span class='ocrx_word' id='word_1_335' title='bbox 847 4016 971 4097; x_wconf 88' lang='lat' dir='ltr'><strong>praesta</strong></span> <span class='ocrx_word' id='word_1_336' title='bbox 1005 4034 1208 4097; x_wconf 88' lang='lat' dir='ltr'><strong>quaesumus,</strong></span> <span class='ocrx_word' id='word_1_337' title='bbox 1241 4018 1277 4079; x_wconf 86' lang='lat' dir='ltr'><strong>ut</strong></span> <span class='ocrx_word' id='word_1_338' title='bbox 1306 4016 1371 4093; x_wconf 89' lang='lat' dir='ltr'><strong>boc,</strong></span> 
     </span>
     <span class='ocr_line' id='line_1_39' title="bbox 129 4115 1369 4198; baseline 0.005 -20"><span class='ocrx_word' id='word_1_339' title='bbox 129 4115 210 4198; x_wconf 91' lang='lat' dir='ltr'><strong>quod</strong></span> <span class='ocrx_word' id='word_1_340' title='bbox 233 4115 368 4181; x_wconf 89' lang='lat' dir='ltr'><strong>humuno</strong></span> <span class='ocrx_word' id='word_1_341' title='bbox 389 4135 440 4182; x_wconf 86' lang='lat' dir='ltr'><strong>oro</strong></span> <span class='ocrx_word' id='word_1_342' title='bbox 461 4115 610 4195; x_wconf 86' lang='lat' dir='ltr'><strong>dicimur,</strong></span> <span class='ocrx_word' id='word_1_343' title='bbox 641 4118 674 4181; x_wconf 90' lang='lat' dir='ltr'><strong>io</strong></span> <span class='ocrx_word' id='word_1_344' title='bbox 703 4118 768 4181; x_wconf 88' lang='lat' dir='ltr'><strong>tuis</strong></span> <span class='ocrx_word' id='word_1_345' title='bbox 798 4118 896 4183; x_wconf 90' lang='lat' dir='ltr'><strong>oculis</strong></span> <span class='ocrx_word' id='word_1_346' title='bbox 926 4137 992 4183; x_wconf 88' lang='lat' dir='ltr'><strong>esse</strong></span> <span class='ocrx_word' id='word_1_347' title='bbox 1013 4119 1181 4184; x_wconf 87' lang='lat' dir='ltr'><strong>valeamus.</strong></span> <span class='ocrx_word' id='word_1_348' title='bbox 1227 4120 1287 4184; x_wconf 90' lang='lat' dir='ltr'><strong>Per</strong></span> <span class='ocrx_word' id='word_1_349' title='bbox 1311 4119 1369 4185; x_wconf 86' lang='lat' dir='ltr'><strong>Do·</strong></span> 
     </span>
     <span class='ocr_line' id='line_1_40' title="bbox 133 4217 376 4288; baseline 0.041 -11"><span class='ocrx_word' id='word_1_350' title='bbox 133 4217 290 4288; x_wconf 83' lang='lat' dir='ltr'><strong>›minum‹</strong></span> <span class='ocrx_word' id='word_1_351' title='bbox 317 4220 376 4287; x_wconf 93' lang='lat' dir='ltr'><strong>etc.</strong></span> 
     </span>
     <span class='ocr_line' id='line_1_41' title="bbox 234 4324 1371 4411; baseline 0.004 -24"><span class='ocrx_word' id='word_1_352' title='bbox 234 4324 262 4405; x_wconf 64' lang='grc' dir='ltr'><strong>ἕ.</strong></span> <span class='ocrx_word' id='word_1_353' title='bbox 287 4324 338 4391; x_wconf 88' lang='lat'><strong>30.</strong></span> <span class='ocrx_word' id='word_1_354' title='bbox 374 4324 435 4389; x_wconf 90' lang='lat' dir='ltr'><strong>Res</strong></span> <span class='ocrx_word' id='word_1_355' title='bbox 458 4324 610 4390; x_wconf 82' lang='lat' dir='ltr'><strong>delicatae</strong></span> <span class='ocrx_word' id='word_1_356' title='bbox 634 4327 764 4391; x_wconf 81' lang='lat' dir='ltr'><strong>naturae</strong></span> <span class='ocrx_word' id='word_1_357' title='bbox 782 4325 814 4388; x_wconf 90' lang='lat' dir='ltr'><strong>in</strong></span> <span class='ocrx_word' id='word_1_358' title='bbox 833 4325 929 4391; x_wconf 81' lang='lat' dir='ltr'><strong>(lectu</strong></span> <span class='ocrx_word' id='word_1_359' title='bbox 946 4328 1096 4391; x_wconf 82' lang='lat' dir='ltr'><strong>tractatas</strong></span> <span class='ocrx_word' id='word_1_360' title='bbox 1112 4326 1228 4411; x_wconf 90' lang='lat' dir='ltr'><strong>singuli</strong></span> <span class='ocrx_word' id='word_1_361' title='bbox 1248 4326 1371 4391; x_wconf 91' lang='lat' dir='ltr'><strong>silentio</strong></span> 
     </span>
     <span class='ocr_line' id='line_1_42' title="bbox 130 4424 1466 4514; baseline 0.007 -26"><span class='ocrx_word' id='word_1_362' title='bbox 130 4424 290 4505; x_wconf 88' lang='lat' dir='ltr'><strong>tenebunt,</strong></span> <span class='ocrx_word' id='word_1_363' title='bbox 314 4445 412 4513; x_wconf 90' lang='lat' dir='ltr'><strong>neque</strong></span> <span class='ocrx_word' id='word_1_364' title='bbox 433 4427 579 4510; x_wconf 88' lang='lat' dir='ltr'><strong>cuiquam</strong></span> <span class='ocrx_word' id='word_1_365' title='bbox 601 4429 817 4511; x_wconf 85' lang='lat' dir='ltr'><strong>propalabunt,</strong></span> <span class='ocrx_word' id='word_1_366' title='bbox 841 4427 991 4513; x_wconf 84' lang='lat' dir='ltr'><strong>(alioquin</strong></span> <span class='ocrx_word' id='word_1_367' title='bbox 1012 4449 1066 4514; x_wconf 86' lang='lat' dir='ltr'><strong>per</strong></span> <span class='ocrx_word' id='word_1_368' title='bbox 1083 4430 1370 4499; x_wconf 83' lang='lat' dir='ltr'><strong>V.-A.-Diaconum</strong></span> <span class='ocrx_word' id='word_1_369' title='bbox 1457 4500 1466 4507; x_wconf 76' lang='lat'><strong>.</strong></span> 
     </span>
    </p>
   </div>
   <div class='ocr_carea' id='block_1_3' title="bbox 0 0 1530 4853">
    <p class='ocr_par' dir='ltr' id='par_1_3' title="bbox 0 0 1530 4853">
     <span class='ocr_line' id='line_1_43' title="bbox 0 0 1530 4853; baseline 0 0"><span class='ocrx_word' id='word_1_370' title='bbox 0 0 1530 4853; x_wconf 95' lang='lat' dir='ltr'><strong> </strong></span> 
     </span>
    </p>
   </div>
  </div>
 </body>
</html>
