3050 4859
326 200 438 268 Syraud.
457 202 553 254 dioec.
574 170 744 253 Neu-Ebori
765 198 901 286 q.‚18S2:
922 198 967 252 Dc
990 200 1098 268 regim.
1120 198 1222 251 eccles.
1259 159 1264 170 .
1322 165 1401 242 ‘2¹63

158 373 252 436 cretis
272 391 350 454 qnae
373 371 404 435 in
428 370 572 437 Conciliis
597 371 685 436 Prov.
713 369 793 435 Balt
818 369 893 447 lata,
916 370 947 433 et
971 368 1000 432 iu
1025 367 1131 433 Concil
1155 368 1243 435 Pleu.
1261 369 1344 435 Balt.
1359 369 1399 433 Π.

158 477 284 541 firmata
305 474 386 553 sunt,
410 475 614 552 inhaerentes,
638 474 831 539 declaremus
855 469 1002 539 ecclesiae
1017 472 1172 557 'cujusque
1194 492 1247 539 seu
1271 478 1399 557 congre·
1497 554 1502 566 .

158 581 292 664 gationis
323 564 623 645 administrationem
646 577 703 643 soli
728 575 849 643 Rectori
872 595 891 640 a
914 576 1195 661 Nobis‘designato
1218 578 1401 659 competere,

160 704 256 769 neque
279 684 370 759 licere
393 683 464 749 aliis
484 680 719 757 Sacerdotem,
741 681 790 745 illi
812 680 842 744 in
868 679 1234 763 ministerio-adjunctis,
1256 680 1402 764 quicquid

159 788 288 873 aggredi
323 789 444 871 practer
476 784 576 869 ipsius·
606 786 808 851 voluntatem.
866 778 1066 849 Meminerint
1084 784 1203 867 'ita'qn'e
1228 779 1404 872 Presbyteri

159 893 341 970 Auxiliares,
368 892 526 956 Rectorem
547 890 616 975 jure
640 890 748 953 merito
773 889 804 952 in
827 884 901 953 cu'ra
924 887 1099 953 animarum
1121 879 1260 971 praeesse
1277 896 1314 953 ac
1329 888 1404 953 diri-

160 1016 248 1081 gere;
271 995 365 1062 oflicii
390 1015 459 1060 vero
482 994 531 1059 sni
552 1009 618 1059 esse
641 994 740 1058 eidem
766 991 863 1059 unitis
884 991 997 1057 studiis
1013 994 1045 1057 et
1060 989 1218 1073 laboribus
1237 992 1402 1076 cooperari.

159 1100 293 1166 Proinde
314 1101 347 1165 in
369 1100 407 1163 iis
431 1096 572 1164 omnibus
594 1094 672 1185 quae
692 1096 731 1162 ad
755 1088 892 1180 regimen
911 1096 1077 1174 Ecclesiae,
1101 1096 1240 1161 ordinem
1256 1092 1404 1162 demesti-
1477 1141 1479 1146 -

160 1224 229 1270 cum
254 1206 346 1288 atque
367 1202 521 1268 residendi
550 1220 661 1270 nannus
693 1203 852 1287 spectant,
882 1197 1054 1266 reverentia
1081 1202 1112 1266 et
1140 1200 1316 1266 ohedientia
1345 1201 1403 1266 oh··

159 1310 356 1393 stringuntur
378 1328 453 1393 erga
475 1326 545 1372 eum
569 1326 660 1389 quern
682 1307 746 1371 N'os
770 1291 1006 1388 praefecerimus
1028 1304 1254 1374 in‘Rectorem.
1325 1308 1334 1327 ⁹
1369 1319 1372 1328 ’

264 1413 304 1476 ll.
337 1413 540 1479 Prohibemns
570 1411 627 1479 sub
658 1410 761 1497 gravis
788 1410 908 1494 peccati
931 1412 1020 1475 reatu
1039 1428 1077 1476 ne
1100 1407 1294 1475 Sacerdotem
1318 1410 1404 1493 quis-

159 1538 252 1601 quam
275 1517 390 1582 alienos
414 1516 554 1580 subditos
575 1516 689 1599 absque
711 1514 827 1608 proprii
850 1509 992 1606 Rectoris
1014 1532 1180 1592 consensu,
1212 1517 1268 1579 aut
1288 1514 1404 1606 Nostra

159 1624 227 1707 ipsa
249 1622 335 1685 serila
359 1624 390 1685 in
414 1619 647 1685 Matrimonium
672 1619 860 1705 conjungat,
891 1619 940 1685 vel
972 1614 1010 1683 ad
1036 1611 1235 1702 'Baptismnm
1255 1618 1404 1685 admittat

159 1729 373 1811 praeterquam
395 1724 478 1791 vitae
501 1721 732 1808 periclitantes
768 1724 949 1790 Oblationes
976 1727 1079 1789 autern
1103 1726 1270 1790 consuetas·
1285 1725 1312 1791 si
1334 1723 1405 1807 quis

159 1833 237 1929 [orte
262 1830 377 1895 vetitae
401 1825 680 1913 administrationis
702 1828 859 1895 occasione
883 1830 1050 1912 receperit,
1072 1823 1120 1893 illi
1144 1828 1292 1917 restituat
1305 1828 1404 1911 'cnjus

161 1936 269 2000 luisset
292 1934 367 1999 haec
390 1932 591 2000 Sacramenta
612 1934 800 2002 ministrare.
1084 1939 1106 1946 ''
1159 1941 1162 1946 ‘

175 2028 178 2038 ’
262 2038 380 2103 Habita
403 2040 507 2102 tamen
523 2036 648 2117 ratione
672 2036 921 2115 consuetudinis,
951 2033 1148 2121 indulgemus
1175 2040 1212 2103 nt
1233 2038 1272 2103 iis
1289 2030 1348 2121 'qui
1371 2037 1403 2102 in

160 2143 289 2217 ccclesia
313 2142 418 2225 aliqua
440 2140 566 2208 scamna
588 2142 739 2235 conducta
762 2141 895 2221 hahent,
924 2140 1123 2207 Sacramenta
1147 2140 1249 2208 omnia
1271 2142 1403 2207 admini-

159 2249 298 2313 strentur
320 2244 359 2312 ab
384 2244 522 2331 ejusdem
545 2242 691 2311 ecclesiae
714 2244 946 2324 Sacerdotibus,
980 2246 1106 2311 etiarnsi
1128 2247 1181 2330 qui
1201 2246 1404 2313 Sacramenta

158 2353 275 2435 petant,
300 2348 491 2416 domicilium
514 2350 650 2415 habeant
672 2351 758 2416 extra
782 2348 896 2415 limites
920 2347 1108 2434 designatos.
1179 2361 1182 2367 ⁴
1257 2349 1262 2376 ·’

261 2456 318 2522 llI.
354 2455 506 2537 Quoniam
526 2454 615 2540 gregi
637 2472 692 2520 sno
714 2455 747 2521 in
768 2456 949 2521 memoriam
980 2472 1040 2522 aon
1063 2456 1160 2521 semel
1180 2473 1342 2534 revocare,
1366 2476 1403 2522 ac

158 2558 364 2642 maximopere
386 2559 542 2633 inculcare
563 2558 676 2625 dehent
691 2560 839 2625 Rectores
853 2559 1071 2643 gravissimam
1082 2559 1244 2643 illamqua
1256 2561 1403 2627 tenentur

157 2682 261 2730 omncs
290 2663 406 2730 Christi
433 2663 540 2729 fideles
571 2663 796 2747 obligationem
826 2663 961 2747 singulis
982 2649 1155 2753 Dominicis
1179 2664 1349 2757 Festisque
1365 2664 1402 2730 de

158 2767 320 2850 praecepto
344 2768 474 2835 Missam
495 2767 658 2847 audiendi,
689 2767 900 2851 praecipimus,
917 2768 1060 2833 omnibns
1081 2768 1134 2852 qui
1154 2788 1261 2836 curam
1283 2770 1403 2852 anima·

158 2891 225 2937 rum
249 2873 381 2951 habeut,
396 2876 446 2965 ‘ut
468 2872 561 2939 Festa
591 2872 630 2940 de
660 2875 821 2955 praecepto
858 2871 1019 2938 [lominica
1048 2863 1403 2973 praecedentiw'fideliter

158 2976 268 3059 populo
288 2978 481 3055 annuntient,
501 2996 619 3043 necnon
637 2978 776 3060 Quatnor
792 2978 865 3046 anni
882 2977 1034 3062 Tempora
1049 2978 1187 3063 aliosque
1199 2978 1312 3062 jejunii
1326 2979 1402 3058 dies.

261 3081 315 3149 IV.
354 3082 555 3151 Sacrosancta
578 3084 761 3153 Tridentino
783 3084 924 3169 Synodus
951 3104 1059 3152 omnes
1085 3085 1199 3169 quibus
1228 3083 1403 3150 animarum

127 3203 230 3277 ‘cura
251 3185 495 3266 commiseaest,
519 3188 557 3253 ad
579 3189 780 3255 residentiam
805 3189 852 3253 uti
874 3192 1060 3268 nctumest,
1084 3188 1264 3273 adstringit.
1288 3187 1402 3278 alege

135 3290 217 3355 ochac
240 3288 410 3369 residendi,
432 3310 495 3373 qua
517 3294 662 3359 tenantur
684 3292 879 3360 strictissime
905 3293 1038 3360 Perochi
1053 3292 1123 3377 ‘reri
1145 3292 1295 3370 nominis,
1318 3290 1401 3374 haud

158 3393 315 3476 exemptos
341 3410 373 3459 se
397 3396 674 3476 putentltectores
698 3396 891 3463 Missiouarii
914 3415 1077 3464 accorum
1100 3394 1276 3479 Adiutores.
1322 3395 1400 3483 Cum

158 3498 241 3564 enirn
264 3496 384 3563 nullom
410 3501 533 3583 ternpus
556 3500 709 3582 assignari
732 3503 844 3585 queat,
878 3520 939 3585 que
970 3500 1039 3585 quis
1073 3500 1213 3588 fidelium
1248 3497 1402 3590 adjutorio

158 3602 337 3669 Sacerdotis
354 3602 464 3669 ⁴lorsam
493 3619 554 3668 non
585 3602 743 3687 indigeat,
772 3622 867 3689 aegro
893 3604 1060 3679 admodum
1078 3624 1101 3669 a
1120 3604 1225 3689 gregis
1248 3603 1400 3681 custodia,
1516 3641 1517 3692 5

160 3707 255 3773 ctiam
277 3708 324 3817 ad·
337 3708 439 3773 breve
453 3710 583 3789 tempus,
605 3708 644 3775 iis
666 3708 774 3776 abesse
796 3708 911 3789 licebit.
944 3710 1032 3775 Unde
1052 3728 1142 3792 namo
1155 3728 1217 3775 nce
1233 3708 1317 3775 videt
1331 3707 1402 3773 illos
1514 3775 1516 3794 ,

158 3832 352 3896 nequaquem
375 3812 477 3882 cilicio
499 3830 552 3879 suc
576 3812 770 3890 setislacere,
802 3814 855 3897 qni
877 3812 1301 3900 fidelibus,‚ut,plnrimnm,
1326 3831 1402 3879 non·
1515 3819 1516 3846 ¹

160 3917 220 3981 nisi
243 3915 292 3983 die
312 3916 443 3983 Sabbati
463 3917 495 3981 et
515 3916 678 3983 Dominica
690 3905 896 3998 adsistentes,
918 3938 971 3986 cos
989 3938 1045 4002 por
1061 3918 1201 4005 integros
1214 3917 1310 3982 simul
1325 3916 1400 3994 dies,
1500 3908 1515 4012 '⁴

161 4020 223 4086 imo
247 4040 299 4103 per
320 4021 421 4086 totam
444 4019 508 4087 fere
531 4020 767 4098 hebdomadam,
790 4023 1046 4087 mercenariorum
1063 4019 1155 4100 more,
1180 4022 1334 4087 deserunt.
1357 4021 1402 4084 lin
1502 4101 1506 4110 Ι

162 4127 265 4187 mente
287 4125 412 4207 insuper
434 4124 589 4192 Ecclesiae
612 4126 1031 4210 saepe-saepiusdeclareta,
1054 4125 1221 4193 residentia
1235 4124 1320 4189 hand
1335 4144 1402 4190 ma·
1500 4119 1505 4204 ζ

163 4226 279 4292 terielis
302 4227 479 4308 dumtaxat,
508 4230 562 4295 sed
591 4231 716 4319 insuper
745 4232 899 4300 laboriosa
921 4233 964 4296 sit
983 4233 1113 4315 oportet.
1159 4230 1242 4296 Hinc
1264 4228 1402 4294 ecclesiis
1500 4217 1505 4236 '

162 4331 227 4397 sive
249 4332 447 4399 hlissionibus
468 4334 532 4399 suis
555 4332 736 4401 Sacerdotes
759 4336 865 4399 adsint
886 4353 1018 4418 corpore,
1043 4336 1147 4426 adsint
1168 4336 1201 4399 et
1221 4334 1342 4418 spiritu,
1367 4336 1403 4398 ut

155 4454 217 4521 pro
247 4436 409 4501 animabus
440 4437 543 4503 orium
575 4437 754 4522 impendant
789 4438 993 4505 libentissime
1024 4440 1055 4505 et
1083 4438 1404 4523 superimpenduntur,

162 4539 337 4607 Statuimus
359 4540 540 4607 Sacerdotes
561 4540 732 4609 auxiliares
753 4541 835 4607 hauri
856 4542 941 4632 licite
964 4545 1051 4609 extra
1066 4528 1196 4645 'domum
1214 4530 1401 4627 pastoralem
