3050 4859
150 188 212 299 340
401 204 488 258 Deer.
512 219 534 258 s.
556 168 666 273 Conpr.
688 203 822 258 Ooaca'te‘t
840 206 907 257 dd.
926 206 951 257 1.
972 204 1042 257 Dec.
1059 203 1144 257 1883.

149 375 311 439 dubiorum
345 374 377 438 in
410 374 589 457 quaestione
621 374 864 457 praepositorum
899 372 1021 439 omnino
1050 374 1206 457 pendete
1230 371 1397 456 principali

149 477 338 561 quaestionis
358 478 459 561 capite
482 479 524 554 et,
547 480 583 543 nt
597 477 644 542 ita
659 478 771 557 dicam,
795 476 901 557 fulcro,
926 497 966 542 an
988 496 1100 560 nempe
1122 476 1262 542 canonici
1281 474 1396 539 umde-

150 583 222 647 mioi
253 582 316 647 sint
345 582 526 646 accensendi
551 582 634 646 inter
664 582 826 647 canonicos
847 583 975 665 puroet
998 569 1181 665 simpliciter
1203 578 1393 655 honorarius,

149 687 198 751 vel
222 684 323 769 potius
344 685 409 751 sint
431 686 496 750 veri
518 686 659 751 canonici
685 686 722 751 de
756 687 874 770 gremio
904 685 1059 769 Capituli,
1092 685 1140 749 ita
1164 686 1212 749 ut⁴
1240 682 1396 748 affirmari

148 790 265 873 possint
289 788 327 853 de
349 789 388 855 iis
410 790 513 857 omnia
533 790 602 873 jdra
623 808 659 853 ae
681 789 865 873 priuilegia,
888 790 999 872 quibus
1022 790 1117 853 ceteri
1141 787 1288 853 canonici
1302 805 1393 871 gau·

149 893 232 959 deut.
277 893 363 959 Haec
386 896 491 957 autem
513 893 693 976 principalis
715 894 857 975 quaestio
879 893 942 958 alia
964 893 1084 958 ratione
1104 891 1212 958 dirimi
1230 892 1314 955 recte
1335 909 1394 955 ne·

149 997 217 1079 quit
236 996 296 1060 nisi
316 1014 389 1078 prae
413 996 510 1060 oeulis
533 996 706 1061 habeantur
728 996 852 1061 decreta
873 995 1102 1062 reformationis
1123 994 1260 1079 (lapitull
1279 993 1395 1061 Greco-

149 1100 277 1164 niensis:
310 1099 461 1182 siquidem
485 1099 553 1165 fons
574 1100 751 1165 tutissimus
774 1119 792 1164 a
816 1118 876 1183 quo
897 1101 997 1165 scatet
1019 1101 1149 1178 natura,
1180 1098 1299 1164 indoles
1322 1116 1395 1181 spe·

149 1204 237 1269 cialis
268 1203 487 1286 cujuscumque
520 1204 661 1269 beneficii
691 1204 739 1269 ost
770 1205 877 1287 procul
906 1204 999 1271 dubio
1029 1204 1187 1270 decretum
1209 1202 1394 1269 erectionis:

149 1308 273 1371 tabulae
304 1307 384 1373 onim
416 1308 607 1373 fundationis
633 1308 777 1373 beneficii
806 1309 907 1393 legem
937 1308 1131 1373 constituunt
1161 1326 1240 1391 quae
1261 1307 1334 1390 jura
1353 1324 1396 1371 ac

149 1411 252 1475 officia
278 1411 453 1477 beneficiati
487 1412 691 1491 determinat,
726 1414 758 1477 et
794 1432 872 1495 quae
905 1413 1015 1477 uiolari
1048 1414 1114 1478 sine
1145 1412 1243 1496 Juris
1257 1412 1396 1532 laesione

150 1516 265 1597 nequit.

253 1617 327 1683 At
318 1638 349 1683 rn
373 1636 463 1697 casu,
495 1620 531 1683 ut
555 1618 636 1683 ratio
659 1617 822 1684 decisionis
844 1618 1084 1698 determinetur,
1107 1637 1166 1685 non
1188 1620 1243 1685 est
1257 1633 1395 1696 ῃσσσσσσ,

149 1724 184 1787 nt
208 1723 403 1806 inquirantur
426 1723 547 1788 statuta
569 1722 759 1788 fundationis
783 1723 1008 1789 Oanouicornm
1027 1724 1295 1805 Academicorum,
1318 1738 1394 1786 nam

149 1827 219 1911 post
240 1826 458 1891 concordatum
482 1826 595 1891 initum
613 1826 696 1891 inter
710 1825 821 1892 Sedem
837 1827 1050 1910 Apostolicam
1065 1829 1098 1892 et
1113 1828 1230 1910 Regem
1245 1826 1395 1891 Poloniae

150 1949 229 1995 anno
255 1930 337 1994 1018
361 1930 509 1994 nonnulla
531 1948 550 1994 a
577 1929 692 1995 Sancta
716 1930 795 1995 Sede
826 1930 912 1995 edita
942 1931 1069 1996 fuerunt
1098 1931 1223 1995 decreta
1251 1948 1306 2014 per
1334 1930 1396 1995 Sa-

149 2054 233 2099 cram
267 2033 544 2117 Oongregationem
585 2033 856 2113 consistorialem,
891 2034 1004 2116 quibus
1040 2034 1288 2100 determinantur
1319 2034 1396 2118 jura

150 2136 392 2221 praerogatiuae,
416 2136 576 2221 privilegiu
599 2137 632 2201 et
653 2137 994 2204 officiatanonioorun
1011 2138 1148 2222 Capituli
1163 2139 1395 2216 Omconisnsis3

149 2244 247 2325 igitur
269 2240 429 2323 praedicta
451 2240 575 2305 decreta
596 2242 670 2305 sunt
692 2241 731 2305 cd
755 2261 821 2307 rem
844 2242 1040 2309 attendenda.

254 2345 474 2410 Verumtamen
504 2342 599 2411 Sacra
624 2344 834 2429 Congregatio
861 2344 1092 2414 Consistorialis
1120 2346 1183 2411 tria
1210 2343 1309 2411 edidit
1339 2346 1395 2410 de-

150 2451 233 2514 creta
255 2446 482 2513 refomnationis
501 2465 556 2531 pro
578 2446 724 2531 Capitale
747 2448 960 2516 Oracouiensi:
983 2449 1119 2533 primum
1137 2468 1216 2515 anno
1235 2450 1317 2513 1838
1333 2450 1394 2513 sub

150 2552 298 2637 Gregorio
321 2552 423 2630 ΧΠ,
448 2552 581 2617 alterum
604 2570 683 2617 anuo
707 2553 801 2632 1851,
826 2556 859 2618 et
879 2555 1086 2637 postremum,
1109 2556 1261 2637 regnante
1283 2554 1395 2619 Ponti-

149 2656 206 2720 fice
227 2656 284 2721 Pio
304 2656 379 2734 lX.,
410 2674 489 2721 anno
514 2656 613 2723 1859:
647 2658 679 2721 et
647 2658 854 2739 equoniam
885 2658 923 2722 de
951 2659 999 2723 bis
1019 2658 1165 2723 ultimum
1189 2677 1275 2724 nunc
1294 2658 1395 2743 uiget,

149 2759 248 2823 ideo
239 2779 272 2823 1n
295 2759 473 2825 dorimenda
495 2760 673 2841 quaestione
700 2760 739 2825 ad
762 2761 909 2826 ultimum
926 2762 1031 2892 praefa
1031 2764 1099 2827 tum
1114 2760 1219 2828 decret
1204 2765 1285 2828 bum
1282 2764 1395 2876 attorn-

150 2862 244 2927 datur
265 2864 396 2945 oportet.
1226 2896 1229 2901 ·

252 2966 344 3033 Nunc
366 2984 455 3031 vero.
489 2967 536 3031 in
555 2964 641 3033 dioto
670 2968 794 3035 decreto
829 2969 1066 3105 deformationis
1096 2970 1179 3036 edito
1202 2989 1283 3037 anno
1306 2970 1394 3036 less

149 3072 225 3136 haee
248 3071 287 3135 ad
308 3088 372 3135 rem
394 3070 531 3135 notanda
552 3073 642 3136 sunt:
830 3094 833 3098 ·

252 3175 277 3239 I
316 3175 413 3240 »lura
435 3174 580 3240 videlicet
607 3178 700 3259 atquo
727 3176 907 3259 priuilegia
920 3180 987 3242 tarn
1012 3179 1177 3262 Episcopi,
1209 3195 1302 3262 quam
1332 3180 1396 3244 lle-

149 3279 262 3345 clesiae
284 3280 316 3344 et
338 3278 475 3363 Capituli
496 3280 628 3363 insignis
651 3280 849 3347 Cathedralis
869 3281 1080 3349 Oracoviensis
1098 3284 1253 3349 invariato
1270 3299 1398 3349 semen-

149 3385 217 3447 tur:
241 3382 385 3447 similiter
406 3384 528 3448 statuta
550 3384 736 3467 capitularia
757 3403 812 3467 per
831 3384 973 3469 singulos
996 3387 1158 3453 Praelatos
1178 3387 1396 3453 etGanonieos

150 3486 230 3550 circa
252 3487 633 3569 ipsorumpossessiouem
652 3488 853 3572 jurejurando
874 3491 1063 3556 obseruanda
1085 3512 1122 3557 ac
1140 3492 1309 3575 promissa;
1327 3508 1397 3555 ¹neo

150 3608 210 3654 non
232 3588 404 3654 laudabiles
426 3591 662 3656 consuetudines
685 3591 818 3658 fideliter
829 3597 1048 3660 conserventur
1071 3597 1103 3661 et
1123 3597 1395 3674 mann-teneantur,

150 3694 364 3773 Praebendae,
394 3694 519 3774 domus,
543 3697 577 3759 et
597 3696 837 3780 qualescumque
859 3700 1025 3781 proventus
1048 3702 1080 3764 et
1101 3700 1312 3765 emolumenta
1330 3716 1396 3763 non

150 3797 241 3862 aliter
262 3796 322 3861 nisi
350 3797 439 3881 juxta
460 3800 653 3882 praescripta
675 3798 869 3866 scutatorum
893 3802 1120 3885 capitularium
1143 3806 1176 3869 et
1198 3804 1395 3887 praesentem

151 3900 382 3966 Ordinationem
412 3902 611 3968 obtineantur
640 3905 672 3969 et
702 3903 935 3988 possideantur,
972 3907 1067 3971 salvis
1099 3908 1202 3971 tamen
1236 3905 1396 3972 modernis

150 4006 382 4087 possessoribus,
407 4024 573 4090 eorumque
593 4008 714 4091 juribus
737 4008 927 4091 possessione
949 4012 1139 4095 acquisitis.‹

253 4110 283 4172 2.
320 4110 496 4177 »Numerus
527 4110 761 4193 Capituloriam
791 4114 954 4181 Εσσίσσίῃσ
979 4121 1008 4179 et
1026 4114 1170 4197 Capituli
1191 4114 1399 4182 Odtbedrub's

151 4210 369 4279 Oracouieresc's
385 4214 541 4280 sexdecim
554 4236 760 4297 pesonarum
770 4218 975 4300 proesiputur,
999 4219 1183 4301 stabilisque
1195 4224 1395 4299 pmmunent.

150 4313 289 4391 Quatuor
312 4316 457 4383 nimirum
481 4319 544 4383 sint
566 4318 705 4384 Praelati
729 4321 762 4383 ot
784 4321 854 4385 octo
876 4305 1021 4385 Oanonici
1052 4322 1250 4387 conformiter
1280 4322 1397 4387 Bullao

149 4414 201 4479 fel.
224 4437 284 4483 rec.
310 4419 358 4484 Pii
381 4421 482 4505 Papae
504 4420 634 4505 Septimi
656 4442 711 4507 pro
734 4423 840 4507 ltegno
855 4424 1002 4489 Poloniae
1025 4425 1124 4507 pridie
1139 4424 1298 4512 Kalendas
1311 4423 1397 4492 Julii

152 4536 231 4584 anno
253 4522 417 4589 millesimo
449 4524 704 4610 octingentesimo
732 4526 852 4591 decimo
881 4528 989 4593 octavo
1022 4531 1201 4613 emanatae,
1232 4549 1313 4616 qnae
1343 4530 1398 4597 in-
