3050 4859
269 208 382 277 Synod.
401 210 497 263 dicen.
516 206 689 262 Neo-Ebor.
709 224 737 261 n.
757 207 846 262 1882.-
866 208 910 262 De
929 209 1092 276 baptismo,
1112 208 1248 275 confirm.
1312 190 1375 257 255

135 382 174 447 ab
198 378 330 446 ecclesia
353 378 553 457 distantiam,
578 378 624 443 vel
647 377 785 445 obaeris
806 378 1040 462 intemperiem,
1063 378 1185 443 itineris
1209 378 1376 445 difficulta-

134 488 208 563 tem,
233 484 396 573 parentum
419 483 568 567 inopiam,
602 484 719 549 aliasve
741 501 852 565 graves
876 501 1003 560 causas,
1035 482 1074 550 ad
1105 484 1265 550 ecclesiam
1293 504 1374 551 corn-
1413 568 1417 576 Ι

135 588 225 654 mode
251 588 354 653 afferri
384 589 558 671 nequeunt,
594 586 677 651 domi
710 606 780 651 curn
813 587 957 651 omnibus
991 588 1145 652 consuetis
1179 589 1377 655 caeremoniis

136 694 343 777 baptizentur.

241 798 294 864 IV.
331 796 406 861 duur
432 796 610 879 Baptismus
633 794 773 877 privatus
795 794 834 858 ob
857 795 965 859 mortis
995 787 1165 878 pericnlum
1192 797 1275 862 domi
1306 817 1378 862 con-

137 901 279 967 ferendus
302 901 364 978 est,
394 899 542 965 Sacerdos
561 900 642 965 stola
665 898 737 963 alba
759 898 903 977 indutus,
936 900 1057 963 omissis
1085 903 1158 965 anie
1182 902 1375 984 Baptismum

137 1006 198 1069 dici
222 1006 270 1070 vel
294 1005 402 1088 peragi
424 1004 542 1082 solitis,
579 1004 836 1069 catechumenum
859 1003 968 1067 statim
993 999 1091 1082 trina,
1123 1005 1171 1069 vel
1197 1008 1297 1071 etiarn
1319 1026 1378 1072 rina

135 1129 233 1193 aquae
256 1106 408 1174 infusione
431 1109 491 1173 rite
515 1108 660 1191 baptizet.
702 1108 821 1172 ‘Postea
844 1125 931 1185 vero,
958 1108 984 1171 si
1008 1109 1129 1191 tcmpus
1152 1112 1315 1194 suppetat,
1346 1115 1379 1176 et

136 1213 284 1278 Sanctum
309 1213 451 1279 Obrisma
473 1230 576 1278 secum
601 1212 729 1290 babeat,
766 1212 857 1276 liniat
886 1230 957 1277 eum
977 1211 1019 1276 'iu
1048 1215 1180 1292 vertice,
1214 1216 1378 1281 linteolum

135 1318 302 1383 candidum
326 1318 475 1401 imponat,
499 1316 721 1399 candelamque
742 1334 903 1381 accensam
926 1316 954 1381 ei
970 1316 1119 1401 porrigat
1149 1317 1184 1382 ln
1200 1320 1377 1403 supplendis

136 1423 240 1486 autern
264 1422 376 1487 ritibus
394 1421 526 1499 omissis,
550 1420 603 1486 ille
629 1419 783 1504 Baptismi
805 1419 879 1484 ordo
901 1422 1039 1485 servetur
1062 1440 1138 1505 erga
1161 1423 1379 1506 parvulos-aut

136 1525 258 1591 adultos
281 1527 333 1609 qui
356 1546 410 1610 pro
434 1525 665 1591 catechumenis
687 1525 857 1607 respective
879 1524 1045 1589 seruandus
1069 1526 1186 1591 fuisset.

242 1632 278 1696 V·
311 1632 348 1695 ln
377 1630 602 1696 neo-conversis
630 1628 668 1695 ad
697 1626 867 1693 Ecclesiam
898 1627 1081 1712 recipiendis
1111 1631 1254 1696 volumus
1284 1635 1319 1697 ut
1342 1653 1377 1698 ea

136 1735 240 1799 omnia
263 1737 423 1800 serventur
443 1754 521 1818 quae
543 1734 573 1798 in
596 1734 800 1798 instructione
824 1732 935 1797 Sacrae
951 1732 1249 1817 CongregationisS.
1264 1735 1376 1815 Officii,

136 1838 358 1917 dicacium,
385 1860 433 1906 an.
452 1840 546 1916 1859,
569 1836 687 1903 tradita
710 1840 794 1914 sunt,
818 1855 956 1920 quaeque
972 1836 1149 1903 referuntur
1162 1839 1377 1924 inappendice

137 1942 272 2008 Ritualis
298 1944 485 2009 Baltimorao
508 1942 594 2007 editi.

241 2048 296 2113 VI.
330 2047 427 2113 Juxta
443 2048 567 2113 Rituale
584 2046 766 2127 Romanurn,
785 2047 1083 2129 Sacrum'Ctrisma,
1100 2048 1250 2116 Sanctum
1265 2050 1375 2116 Oleum

137 2150 432 2217 Catachumenorum
457 2154 550 2235 atque
570 2151 678 2217 Oleum
696 2151 845 2218 Sanctum
866 2153 1072 2233 infirmorum,
1097 2155 1201 2220 ecdem
1220 2174 1299 2220 anno
1315 2157 1379 2221 sint

137 2257 176 2320 ab
200 2256 349 2340 Episcopo
370 2256 543 2334 benedicta,
564 2256 656 2321 ‘Feria
674 2256 709 2322 V.
726 2256 766 2320 'in
788 2258 889 2322 Coena
912 2257 1044 2323 Domini.
1073 2260 1236 2324 Veteribus
1252 2259 1378 2344 proinde

138 2361 229 2440 oleis,
261 2361 321 2425 nisi
352 2362 519 2426 necessitas
543 2364 654 2445 cogat,
685 2363 774 2428 ultra·
792 2381 907 2427 aunum
933 2380 971 2427 nc
994 2364 1101 2427 utatur
1123 2362 1285 2443 Sacerdos,
1316 2366 1378 2429 imo

139 2468 225 2529 curet
247 2472 282 2529 ut
302 2458 379 2531 nova
401 2466 585 2549 tempestive
606 2465 730 2547 habeat,
751 2487 822 2534 curn
844 2467 883 2531 iis
905 2485 981 2552 opus
1003 2466 1045 2531 sit
1062 2466 1199 2534 Sabbata
1213 2468 1327 2535 Sancto
1347 2470 1376 2534 in

138 2569 245 2636 Eontis
269 2570 469 2653 Baptismaiis
494 2570 717 2637 bencdictione.

360 2836 367 2848 Ι
447 2724 448 2727 ¹
515 2742 590 2826 Gap.
612 2750 643 2810 2.
681 2742 730 2809 De
751 2744 1002 2829 Confirmatione.

241 2881 273 2949 Si
297 2880 474 2968 transituris
498 2901 533 2947 ex
555 2882 613 2947 hoc
636 2882 750 2963 mundo
772 2883 880 2969 statim
904 2902 922 2947 a
945 2872 1086 2969 suscepto
1102 2884 1296 2967 Baptismate
1314 2884 1379 2954 sui·

139 2985 244 3051 finiant
265 2986 505 3069 regenerationis
529 2986 694 3063 beneficia,
719 2987 848 3054 victuris
869 2988 951 3053 inter
973 2987 1200 3072 infensissimos
1219 2991 1267 3054 tot
1284 2989 1377 3059 ,inno-

139 3091 258 3155 centiae
280 3089 411 3175 fideique
426 3091 539 3156 lrostes
561 3090 741 3165 necessaria¹
753 3093 828 3157 sunt
845 3091 969 3175 insuper
987 3090 1239 3177 Confirmatiouis
1254 3093 1376 3161 auxilia.

139 3194 238 3261 Grave
261 3194 359 3281 igitur
379 3196 542 3277 peccatum
565 3196 614 3261 est
635 3194 672 3259 iis
695 3195 808 3279 quibus
826 3196 873 3261 est
897 3195 1094 3263 »colluctatio
1110 3195 1256 3281 adversus
1270 3196 1378 3264 mundi

138 3299 289 3382 principes
312 3299 508 3364 tenebrarum
533 3299 670 3377 iterumn
696 3300 722 3363 si
746 3299 820 3363 dum
843 3299 961 3365 occasio
980 3302 1152 3383 opportuna
1173 3300 1379 3385 datur,ultro

139 3423 195 3469 nors
218 3403 373 3489 accipiant
397 3404 605 3471 »armaturam
631 3402 688 3469 Dei
712 3405 749 3471 ut
770 3403 889 3486 possint
906 3404 1049 3484 resistere
1065 3405 1098 3467 in
1113 3394 1162 3470 die
1177 3405 1289 3471 malos
1323 3405 1380 3470 Per

139 3507 287 3591 Spiritum
311 3506 464 3591 siquidem
486 3507 652 3586 Sanctum,
683 3507 737 3591 qui
770 3508 801 3572 in
832 3508 891 3575 boc
919 3506 1119 3575 Sacramenta
1147 3507 1310 3576 confirmat
1341 3509 1380 3574 ad

109 3609 296 3695 'pugnarn
324 3630 400 3697 qnos
422 3612 463 3677 in·
478 3611 560 3677 unda
583 3612 713 3680 salutar-i
731 3612 801 3695 jam
822 3612 1017 3697 regeneravit
1036 3611 1075 3677 ad
1098 3612 1214 3698 vitam,
1246 3613 1380 3697 pretiosa

141 3716 259 3799 gratiae
289 3715 512 3781 sanctificantis
546 3718 577 3782 et
611 3714 786 3799 adoptionis
816 3715 950 3804 filiorum
982 3716 1042 3782 Dei
1075 3716 1157 3784 dona
1186 3718 1379 3802 roborantur,

141 3822 304 3905 augentur,
336 3822 367 3885 et
389 3820 564 3889 inviolabili
582 3819 672 3904 quasi
695 3820 800 3905 sigillo
824 3820 1037 3905 obsignantur,
1068 3840 1130 3907 quo
1152 3821 1303 3903 possimus
1329 3822 1381 3885 sin

141 3926 281 3991 omnibus
305 3925 433 4009 perlecti
455 3927 567 3991 stare<
613 3924 711 3995 Nobis
740 3942 830 4007 porro
857 3925 940 3990 circa
968 3922 1164 3992 (ibrismatis
1184 3926 1380 3991 collationem

143 4030 240 4095 visum
263 4033 311 4095 est
333 4028 494 4113 sequentia
515 4030 661 4097 statuere.

244 4134 269 4197 l.
306 4132 436 4199 Decreta
457 4132 596 4198 Concilii
610 4133 695 4211 Pleu,
723 4133 806 4209 Balt.
823 4132 868 4204 11.
889 4132 1103 4212 inhaerentes,
1127 4133 1218 4199 valde
1239 4135 1381 4217 optamus

142 4238 177 4303 ut
191 4235 224 4301 in
238 4236 435 4308 Sacramenta
454 4237 703 4305 confirmationis
718 4236 902 4321 recipiendo,
922 4236 1013 4320 juata
1026 4237 1213 4313 laudabilem
1224 4236 1382 4303 Ecclesiae

142 4341 391 4411 consuetudinem
415 4345 448 4411 et
469 4342 675 4427 disciplinam,
699 4341 819 4415 Patrini
840 4343 872 4415 et
890 4341 1046 4407 Matrinae
1063 4342 1281 4407 adhibeantur.
1298 4340 1381 4409 ,Ocn-

142 4445 287 4514 firmandi
309 4445 407 4531 igitur
424 4447 556 4513 habeant
574 4446 725 4527 Petrinus„
750 4444 866 4529 singuli
880 4445 1041 4529 singulos;
1063 4464 1125 4517 necv
1138 4447 1243 4513 tamen
1260 4445 1382 4511 lerninis

142 4570 258 4633 mares,
289 4569 345 4619 nac
371 4550 508 4617 maribus
538 4551 669 4620 temiuae
693 4551 750 4633 boc
773 4568 885 4617 munus
907 4550 1121 4633 praestabunt.
1166 4550 1253 4633 Quod
1275 4549 1304 4615 si
1326 4550 1383 4615 boc
