<?xml version="1.0" encoding="UTF-8"?>
<!DOCTYPE html PUBLIC "-//W3C//DTD XHTML 1.0 Transitional//EN"
    "http://www.w3.org/TR/xhtml1/DTD/xhtml1-transitional.dtd">
<html xmlns="http://www.w3.org/1999/xhtml" xml:lang="en" lang="en">
 <head>
  <title>
</title>
<meta http-equiv="Content-Type" content="text/html;charset=utf-8" />
  <meta name='ocr-system' content='tesseract 3.04.00' />
  <meta name='ocr-capabilities' content='ocr_page ocr_carea ocr_par ocr_line ocrx_word'/>
</head>
<body>
  <div class='ocr_page' id='page_1' title='image "./archivfrkatholi08unkngoog/archivfrkatholi08unkngoog_0141.png"; bbox 0 0 3050 4859; ppageno 0'>
   <div class='ocr_carea' id='block_1_1' title="bbox 111 35 371 106">
    <p class='ocr_par' dir='ltr' id='par_1_1' title="bbox 111 35 371 106">
     <span class='ocr_line' id='line_1_1' title="bbox 111 35 371 106; baseline 0.008 -39"><span class='ocrx_word' id='word_1_1' title='bbox 111 52 115 67; x_wconf 73' lang='grc' dir='ltr'>ι</span> <span class='ocrx_word' id='word_1_2' title='bbox 143 39 241 86; x_wconf 28' lang='lat' dir='ltr'><strong>&#39;efer‘</strong></span> <span class='ocrx_word' id='word_1_3' title='bbox 248 65 255 92; x_wconf 39' lang='grc' dir='ltr'><strong>,ἱ</strong></span> <span class='ocrx_word' id='word_1_4' title='bbox 266 35 352 106; x_wconf 41' lang='grc' dir='ltr'><strong>ζῳῷ-’ἴθ’</strong></span> <span class='ocrx_word' id='word_1_5' title='bbox 367 66 371 69; x_wconf 85' lang='grc'><em>.</em></span> 
     </span>
     <span class='ocr_line' id='line_1_2' title="bbox 332 96 336 104; baseline 0 -1"><span class='ocrx_word' id='word_1_6' title='bbox 332 96 336 104; x_wconf 93' lang='grc'>.</span> 
     </span>
    </p>
   </div>
   <div class='ocr_carea' id='block_1_2' title="bbox 209 156 1370 273">
    <p class='ocr_par' dir='ltr' id='par_1_2' title="bbox 209 156 1370 273">
     <span class='ocr_line' id='line_1_3' title="bbox 209 156 1370 273; baseline -0.001 -15"><span class='ocrx_word' id='word_1_7' title='bbox 209 156 352 258; x_wconf 65' lang='lat' dir='ltr'><strong>nomes.</strong></span> <span class='ocrx_word' id='word_1_8' title='bbox 375 191 492 257; x_wconf 75' lang='lat' dir='ltr'><strong>Poenis.</strong></span> <span class='ocrx_word' id='word_1_9' title='bbox 511 191 545 257; x_wconf 74' lang='lat' dir='ltr'><strong>lt.</strong></span> <span class='ocrx_word' id='word_1_10' title='bbox 562 191 798 273; x_wconf 57' lang='lat' dir='ltr'><strong>preceptisque</strong></span> <span class='ocrx_word' id='word_1_11' title='bbox 817 211 955 272; x_wconf 78' lang='lat' dir='ltr'><strong>respons.</strong></span> <span class='ocrx_word' id='word_1_12' title='bbox 975 193 1003 257; x_wconf 85' lang='lat' dir='ltr'><strong>d.</strong></span> <span class='ocrx_word' id='word_1_13' title='bbox 1021 192 1068 257; x_wconf 80' lang='lat'><em>1&#39;0.</em></span> <span class='ocrx_word' id='word_1_14' title='bbox 1089 191 1159 257; x_wconf 84' lang='lat' dir='ltr'><strong>Dec.</strong></span> <span class='ocrx_word' id='word_1_15' title='bbox 1178 202 1280 258; x_wconf 86' lang='grc'><strong><em>1860..</em></strong></span> <span class='ocrx_word' id='word_1_16' title='bbox 1309 176 1370 249; x_wconf 76' lang='lat'><strong>129</strong></span> 
     </span>
    </p>
   </div>
   <div class='ocr_carea' id='block_1_3' title="bbox 77 370 1372 1287">
    <p class='ocr_par' dir='ltr' id='par_1_3' title="bbox 77 370 1372 1287">
     <span class='ocr_line' id='line_1_4' title="bbox 123 370 1369 457; baseline 0.003 -20"><span class='ocrx_word' id='word_1_17' title='bbox 123 374 250 438; x_wconf 88' lang='lat' dir='ltr'><strong>exclusa</strong></span> <span class='ocrx_word' id='word_1_18' title='bbox 279 374 384 438; x_wconf 89' lang='lat' dir='ltr'><strong>tamen</strong></span> <span class='ocrx_word' id='word_1_19' title='bbox 420 392 538 456; x_wconf 85' lang='lat' dir='ltr'><strong>semper</strong></span> <span class='ocrx_word' id='word_1_20' title='bbox 575 372 690 437; x_wconf 83' lang='lat' dir='ltr'><strong>Missae</strong></span> <span class='ocrx_word' id='word_1_21' title='bbox 720 370 943 439; x_wconf 71' lang='lat' dir='ltr'><strong>celebrationes</strong></span> <span class='ocrx_word' id='word_1_22' title='bbox 978 372 1022 457; x_wconf 88' lang='lat' dir='ltr'><strong>(S.</strong></span> <span class='ocrx_word' id='word_1_23' title='bbox 1046 373 1214 441; x_wconf 90' lang='lat' dir='ltr'><strong>Doctor&#39;in</strong></span> <span class='ocrx_word' id='word_1_24' title='bbox 1235 375 1287 441; x_wconf 90' lang='lat' dir='ltr'><strong>cit.</strong></span> <span class='ocrx_word' id='word_1_25' title='bbox 1311 375 1369 441; x_wconf 90' lang='lat' dir='ltr'><strong>loc.</strong></span> 
     </span>
     <span class='ocr_line' id='line_1_5' title="bbox 124 476 1371 564; baseline 0.003 -23"><span class='ocrx_word' id='word_1_26' title='bbox 124 477 224 541; x_wconf 84' lang='lat' dir='ltr'><strong>firmis</strong></span> <span class='ocrx_word' id='word_1_27' title='bbox 245 476 439 563; x_wconf 78' lang='lat' dir='ltr'><strong>argumentis</strong></span> <span class='ocrx_word' id='word_1_28' title='bbox 462 495 567 542; x_wconf 89' lang='lat' dir='ltr'><strong>eorum</strong></span> <span class='ocrx_word' id='word_1_29' title='bbox 590 477 804 560; x_wconf 77' lang='lat' dir='ltr'><strong>theologorum</strong></span> <span class='ocrx_word' id='word_1_30' title='bbox 830 478 1018 543; x_wconf 77' lang='lat' dir='ltr'><strong>sententiam</strong></span> <span class='ocrx_word' id='word_1_31' title='bbox 1041 478 1174 559; x_wconf 78' lang='lat' dir='ltr'><strong>refellit,</strong></span> <span class='ocrx_word' id='word_1_32' title='bbox 1200 481 1253 564; x_wconf 92' lang='lat' dir='ltr'><strong>qui</strong></span> <span class='ocrx_word' id='word_1_33' title='bbox 1277 499 1313 545; x_wconf 89' lang='lat' dir='ltr'><strong>ex</strong></span> <span class='ocrx_word' id='word_1_34' title='bbox 1336 498 1371 545; x_wconf 91' lang='lat' dir='ltr'><strong>eo</strong></span> 
     </span>
     <span class='ocr_line' id='line_1_6' title="bbox 123 580 1372 663; baseline 0.004 -19"><span class='ocrx_word' id='word_1_35' title='bbox 123 580 206 663; x_wconf 87' lang='lat' dir='ltr'><strong>qnod</strong></span> <span class='ocrx_word' id='word_1_36' title='bbox 230 581 450 645; x_wconf 78' lang='lat' dir='ltr'><strong>contrahentes</strong></span> <span class='ocrx_word' id='word_1_37' title='bbox 470 580 605 645; x_wconf 90' lang='lat' dir='ltr'><strong>ministri</strong></span> <span class='ocrx_word' id='word_1_38' title='bbox 629 583 702 646; x_wconf 90' lang='lat' dir='ltr'><strong>sunt</strong></span> <span class='ocrx_word' id='word_1_39' title='bbox 731 581 925 647; x_wconf 85' lang='lat' dir='ltr'><strong>Sacrameuti</strong></span> <span class='ocrx_word' id='word_1_40' title='bbox 954 581 1160 662; x_wconf 82' lang='lat' dir='ltr'><strong>Matrimonii,</strong></span> <span class='ocrx_word' id='word_1_41' title='bbox 1193 583 1372 649; x_wconf 90' lang='lat' dir='ltr'><strong>existimant</strong></span> 
     </span>
     <span class='ocr_line' id='line_1_7' title="bbox 123 683 1369 770; baseline 0.005 -23"><span class='ocrx_word' id='word_1_42' title='bbox 123 683 412 760; x_wconf 88' lang='lat' dir='ltr'><strong>Paroohum‚.oum</strong></span> <span class='ocrx_word' id='word_1_43' title='bbox 433 683 500 767; x_wconf 87' lang='lat' dir='ltr'><strong>ejus</strong></span> <span class='ocrx_word' id='word_1_44' title='bbox 523 684 697 767; x_wconf 89' lang='lat' dir='ltr'><strong>cooperatio</strong></span> <span class='ocrx_word' id='word_1_45' title='bbox 719 685 762 749; x_wconf 91' lang='lat' dir='ltr'><strong>sit</strong></span> <span class='ocrx_word' id='word_1_46' title='bbox 785 704 867 751; x_wconf 88' lang='lat' dir='ltr'><strong>mere</strong></span> <span class='ocrx_word' id='word_1_47' title='bbox 892 685 1080 766; x_wconf 88' lang='lat' dir='ltr'><strong>materialis,</strong></span> <span class='ocrx_word' id='word_1_48' title='bbox 1103 705 1190 770; x_wconf 90' lang='lat' dir='ltr'><strong>posse</strong></span> <span class='ocrx_word' id='word_1_49' title='bbox 1211 686 1294 752; x_wconf 90' lang='lat' dir='ltr'><strong>licite</strong></span> <span class='ocrx_word' id='word_1_50' title='bbox 1318 706 1369 753; x_wconf 88' lang='lat' dir='ltr'><strong>as-</strong></span> 
     </span>
     <span class='ocr_line' id='line_1_8' title="bbox 124 786 1371 875; baseline 0.003 -24"><span class='ocrx_word' id='word_1_51' title='bbox 124 787 236 851; x_wconf 83' lang='lat' dir='ltr'><strong>sistere</strong></span> <span class='ocrx_word' id='word_1_52' title='bbox 258 786 459 851; x_wconf 84' lang='lat' dir='ltr'><strong>Matrimonio</strong></span> <span class='ocrx_word' id='word_1_53' title='bbox 483 806 598 866; x_wconf 88' lang='lat' dir='ltr'><strong>eorum,</strong></span> <span class='ocrx_word' id='word_1_54' title='bbox 621 790 678 870; x_wconf 76' lang='lat' dir='ltr'><strong>qul</strong></span> <span class='ocrx_word' id='word_1_55' title='bbox 696 792 770 854; x_wconf 82' lang='lat' dir='ltr'><strong>sunt</strong></span> <span class='ocrx_word' id='word_1_56' title='bbox 785 788 910 870; x_wconf 80' lang='lat' dir='ltr'><strong>publice</strong></span> <span class='ocrx_word' id='word_1_57' title='bbox 934 790 1059 875; x_wconf 80' lang='lat' dir='ltr'><strong>indipul</strong></span> <span class='ocrx_word' id='word_1_58' title='bbox 1082 791 1214 873; x_wconf 88' lang='lat' dir='ltr'><strong>(ratione</strong></span> <span class='ocrx_word' id='word_1_59' title='bbox 1240 792 1371 873; x_wconf 90' lang='lat' dir='ltr'><strong>peccati,</strong></span> 
     </span>
     <span class='ocr_line' id='line_1_9' title="bbox 77 889 1371 980; baseline 0.005 -25"><span class='ocrx_word' id='word_1_60' title='bbox 77 938 80 942; x_wconf 84' lang='lat'>-</span> <span class='ocrx_word' id='word_1_61' title='bbox 123 889 175 955; x_wconf 89' lang='lat' dir='ltr'><strong>vel</strong></span> <span class='ocrx_word' id='word_1_62' title='bbox 197 893 372 971; x_wconf 80' lang='lat' dir='ltr'><strong>censurae),</strong></span> <span class='ocrx_word' id='word_1_63' title='bbox 404 910 458 955; x_wconf 90' lang='lat' dir='ltr'><strong>nec</strong></span> <span class='ocrx_word' id='word_1_64' title='bbox 486 890 553 974; x_wconf 86' lang='lat' dir='ltr'><strong>ejus</strong></span> <span class='ocrx_word' id='word_1_65' title='bbox 584 891 709 957; x_wconf 91' lang='lat' dir='ltr'><strong>monitis</strong></span> <span class='ocrx_word' id='word_1_66' title='bbox 732 892 944 980; x_wconf 88' lang='lat' dir='ltr'><strong>obtemperare</strong></span> <span class='ocrx_word' id='word_1_67' title='bbox 969 892 1092 970; x_wconf 83' lang='lat' dir='ltr'><strong>volunt,</strong></span> <span class='ocrx_word' id='word_1_68' title='bbox 1130 895 1166 957; x_wconf 90' lang='lat' dir='ltr'><strong>ut</strong></span> <span class='ocrx_word' id='word_1_69' title='bbox 1197 893 1308 978; x_wconf 91' lang='lat' dir='ltr'><strong>dignos</strong></span> <span class='ocrx_word' id='word_1_70' title='bbox 1339 914 1371 961; x_wconf 90' lang='lat' dir='ltr'><strong>se</strong></span> 
     </span>
     <span class='ocr_line' id='line_1_10' title="bbox 124 993 1370 1079; baseline 0.004 -20"><span class='ocrx_word' id='word_1_71' title='bbox 124 993 268 1059; x_wconf 85' lang='lat' dir='ltr'><strong>reddant.</strong></span> <span class='ocrx_word' id='word_1_72' title='bbox 315 995 448 1059; x_wconf 79' lang='lat' dir='ltr'><strong>Excusat</strong></span> <span class='ocrx_word' id='word_1_73' title='bbox 471 1014 541 1059; x_wconf 89' lang='lat' dir='ltr'><strong>vero</strong></span> <span class='ocrx_word' id='word_1_74' title='bbox 565 996 737 1061; x_wconf 89' lang='lat' dir='ltr'><strong>Parochnm</strong></span> <span class='ocrx_word' id='word_1_75' title='bbox 754 1015 772 1061; x_wconf 93' lang='lat' dir='ltr'><strong>a</strong></span> <span class='ocrx_word' id='word_1_76' title='bbox 791 997 889 1079; x_wconf 88' lang='lat' dir='ltr'><strong>culpa,</strong></span> <span class='ocrx_word' id='word_1_77' title='bbox 915 996 940 1059; x_wconf 91' lang='lat' dir='ltr'><strong>si</strong></span> <span class='ocrx_word' id='word_1_78' title='bbox 958 997 1118 1061; x_wconf 86' lang='lat' dir='ltr'><strong>assisteret</strong></span> <span class='ocrx_word' id='word_1_79' title='bbox 1136 997 1193 1061; x_wconf 78' lang='lat' dir='ltr'><strong>»au</strong></span> <span class='ocrx_word' id='word_1_80' title='bbox 1212 998 1370 1064; x_wconf 90' lang='lat' dir='ltr'><strong>vitandam</strong></span> 
     </span>
     <span class='ocr_line' id='line_1_11' title="bbox 123 1098 1368 1185; baseline 0.004 -24"><span class='ocrx_word' id='word_1_81' title='bbox 123 1099 275 1175; x_wconf 87' lang='lat' dir='ltr'><strong>mortem,</strong></span> <span class='ocrx_word' id='word_1_82' title='bbox 302 1098 353 1163; x_wconf 83' lang='lat' dir='ltr'><strong>rel</strong></span> <span class='ocrx_word' id='word_1_83' title='bbox 375 1098 436 1163; x_wconf 89' lang='lat' dir='ltr'><strong>alia</strong></span> <span class='ocrx_word' id='word_1_84' title='bbox 460 1099 604 1181; x_wconf 83' lang='lat' dir='ltr'><strong>graviora</strong></span> <span class='ocrx_word' id='word_1_85' title='bbox 627 1100 709 1163; x_wconf 85' lang='lat' dir='ltr'><strong>mala</strong></span> <span class='ocrx_word' id='word_1_86' title='bbox 731 1100 983 1177; x_wconf 87' lang='lat' dir='ltr'><strong>communitatis,</strong></span> <span class='ocrx_word' id='word_1_87' title='bbox 1013 1100 1060 1165; x_wconf 90' lang='lat' dir='ltr'><strong>vel</strong></span> <span class='ocrx_word' id='word_1_88' title='bbox 1082 1100 1220 1185; x_wconf 90' lang='lat' dir='ltr'><strong>ipsorum</strong></span> <span class='ocrx_word' id='word_1_89' title='bbox 1243 1104 1368 1169; x_wconf 91' lang='lat' dir='ltr'><strong>eontra·</strong></span> 
     </span>
     <span class='ocr_line' id='line_1_12' title="bbox 125 1201 991 1287; baseline 0.006 -21"><span class='ocrx_word' id='word_1_90' title='bbox 125 1202 286 1278; x_wconf 80' lang='lat' dir='ltr'><strong>tentium3</strong></span> <span class='ocrx_word' id='word_1_91' title='bbox 308 1202 386 1285; x_wconf 89' lang='lat' dir='ltr'><strong>puta</strong></span> <span class='ocrx_word' id='word_1_92' title='bbox 408 1221 446 1266; x_wconf 92' lang='lat' dir='ltr'><strong>ne</strong></span> <span class='ocrx_word' id='word_1_93' title='bbox 468 1201 527 1285; x_wconf 91' lang='lat' dir='ltr'><strong>ipsi</strong></span> <span class='ocrx_word' id='word_1_94' title='bbox 549 1205 743 1286; x_wconf 85' lang='lat' dir='ltr'><strong>perseverent</strong></span> <span class='ocrx_word' id='word_1_95' title='bbox 766 1204 797 1268; x_wconf 89' lang='lat' dir='ltr'><strong>in</strong></span> <span class='ocrx_word' id='word_1_96' title='bbox 820 1203 991 1287; x_wconf 67' lang='lat' dir='ltr'><strong>peccatos).</strong></span> 
     </span>
    </p>
   </div>
   <div class='ocr_carea' id='block_1_4' title="bbox 232 1298 1470 1390">
    <p class='ocr_par' dir='ltr' id='par_1_4' title="bbox 232 1280 1519 1390">
     <span class='ocr_line' id='line_1_13' title="bbox 232 1298 1470 1390; baseline 0.009 -21"><span class='ocrx_word' id='word_1_97' title='bbox 232 1307 282 1372; x_wconf 88' lang='grc'><strong>19.</strong></span> <span class='ocrx_word' id='word_1_98' title='bbox 326 1306 418 1384; x_wconf 88' lang='lat' dir='ltr'><strong>Item,</strong></span> <span class='ocrx_word' id='word_1_99' title='bbox 443 1306 593 1388; x_wconf 91' lang='lat' dir='ltr'><strong>quomodo</strong></span> <span class='ocrx_word' id='word_1_100' title='bbox 617 1325 649 1370; x_wconf 91' lang='lat' dir='ltr'><strong>se</strong></span> <span class='ocrx_word' id='word_1_101' title='bbox 672 1325 779 1389; x_wconf 90' lang='lat' dir='ltr'><strong>gerere</strong></span> <span class='ocrx_word' id='word_1_102' title='bbox 802 1305 935 1371; x_wconf 88' lang='lat' dir='ltr'><strong>debeant</strong></span> <span class='ocrx_word' id='word_1_103' title='bbox 958 1306 1100 1390; x_wconf 81' lang='lat' dir='ltr'><strong>Episcopi</strong></span> <span class='ocrx_word' id='word_1_104' title='bbox 1124 1307 1157 1374; x_wconf 92' lang='lat' dir='ltr'><strong>et</strong></span> <span class='ocrx_word' id='word_1_105' title='bbox 1179 1308 1323 1387; x_wconf 89' lang='lat' dir='ltr'><strong>Paroehi,</strong></span> <span class='ocrx_word' id='word_1_106' title='bbox 1344 1309 1371 1374; x_wconf 92' lang='lat' dir='ltr'><strong>si</strong></span> <span class='ocrx_word' id='word_1_107' title='bbox 1465 1298 1470 1305; x_wconf 38' lang='lat'><strong><em>⁹</em></strong></span> 
     </span>
    </p>
   </div>
   <div class='ocr_carea' id='block_1_5' title="bbox 124 1408 1369 1803">
    <p class='ocr_par' dir='ltr' id='par_1_5' title="bbox 124 1408 1369 1803">
     <span class='ocr_line' id='line_1_14' title="bbox 124 1408 1368 1492; baseline 0.003 -19"><span class='ocrx_word' id='word_1_108' title='bbox 124 1410 186 1492; x_wconf 80' lang='lat' dir='ltr'><strong>qui</strong></span> <span class='ocrx_word' id='word_1_109' title='bbox 204 1427 239 1473; x_wconf 88' lang='lat' dir='ltr'><strong>ex</strong></span> <span class='ocrx_word' id='word_1_110' title='bbox 270 1428 364 1491; x_wconf 89' lang='lat' dir='ltr'><strong>supra</strong></span> <span class='ocrx_word' id='word_1_111' title='bbox 392 1408 485 1473; x_wconf 88' lang='lat' dir='ltr'><strong>dietis</strong></span> <span class='ocrx_word' id='word_1_112' title='bbox 517 1428 644 1474; x_wconf 87' lang='lat' dir='ltr'><strong>censura</strong></span> <span class='ocrx_word' id='word_1_113' title='bbox 672 1408 827 1474; x_wconf 90' lang='lat' dir='ltr'><strong>innodatis</strong></span> <span class='ocrx_word' id='word_1_114' title='bbox 849 1428 880 1473; x_wconf 91' lang='lat' dir='ltr'><strong>se</strong></span> <span class='ocrx_word' id='word_1_115' title='bbox 903 1410 1029 1474; x_wconf 89' lang='lat' dir='ltr'><strong>sisteret</strong></span> <span class='ocrx_word' id='word_1_116' title='bbox 1055 1412 1091 1475; x_wconf 91' lang='lat' dir='ltr'><strong>ut</strong></span> <span class='ocrx_word' id='word_1_117' title='bbox 1114 1412 1178 1477; x_wconf 87' lang='lat' dir='ltr'><strong>sive</strong></span> <span class='ocrx_word' id='word_1_118' title='bbox 1202 1412 1234 1477; x_wconf 91' lang='lat' dir='ltr'><strong>in</strong></span> <span class='ocrx_word' id='word_1_119' title='bbox 1257 1412 1368 1479; x_wconf 86' lang='lat' dir='ltr'><strong>Sacra-</strong></span> 
     </span>
     <span class='ocr_line' id='line_1_15' title="bbox 125 1505 1203 1597; baseline 0.005 -21"><span class='ocrx_word' id='word_1_120' title='bbox 125 1514 231 1578; x_wconf 89' lang='lat' dir='ltr'><strong>mento</strong></span> <span class='ocrx_word' id='word_1_121' title='bbox 255 1512 513 1590; x_wconf 79' lang='lat' dir='ltr'><strong>Confirmationis,</strong></span> <span class='ocrx_word' id='word_1_122' title='bbox 536 1513 600 1577; x_wconf 87' lang='lat' dir='ltr'><strong>sive</strong></span> <span class='ocrx_word' id='word_1_123' title='bbox 624 1505 830 1595; x_wconf 88' lang='lat' dir='ltr'><strong>Baptismatis</strong></span> <span class='ocrx_word' id='word_1_124' title='bbox 850 1512 1007 1595; x_wconf 88' lang='lat' dir='ltr'><strong>patrinum</strong></span> <span class='ocrx_word' id='word_1_125' title='bbox 1032 1512 1134 1597; x_wconf 79' lang='lat' dir='ltr'><strong>agat?</strong></span> <span class='ocrx_word' id='word_1_126' title='bbox 1197 1578 1203 1587; x_wconf 16' lang='grc' dir='ltr'><em>κ</em></span> 
     </span>
     <span class='ocr_line' id='line_1_16' title="bbox 159 1616 679 1699; baseline -0.01 -18"><span class='ocrx_word' id='word_1_127' title='bbox 159 1659 163 1663; x_wconf 93' lang='grc'>-</span> <span class='ocrx_word' id='word_1_128' title='bbox 232 1617 269 1683; x_wconf 84' lang='lat' dir='ltr'><strong>R.</strong></span> <span class='ocrx_word' id='word_1_129' title='bbox 317 1616 431 1682; x_wconf 79' lang='lat' dir='ltr'><strong>»Utin</strong></span> <span class='ocrx_word' id='word_1_130' title='bbox 455 1616 679 1699; x_wconf 75' lang='lat' dir='ltr'><strong>praecedenti«</strong></span> 
     </span>
     <span class='ocr_line' id='line_1_17' title="bbox 230 1720 1369 1803; baseline 0.004 -19"><span class='ocrx_word' id='word_1_131' title='bbox 230 1721 281 1784; x_wconf 83' lang='lat'><strong>20.</strong></span> <span class='ocrx_word' id='word_1_132' title='bbox 305 1720 307 1722; x_wconf 76' lang='grc'><strong>’</strong></span> <span class='ocrx_word' id='word_1_133' title='bbox 327 1721 379 1785; x_wconf 82' lang='lat' dir='ltr'><strong>An</strong></span> <span class='ocrx_word' id='word_1_134' title='bbox 408 1722 507 1803; x_wconf 91' lang='lat' dir='ltr'><strong>possit</strong></span> <span class='ocrx_word' id='word_1_135' title='bbox 544 1720 638 1787; x_wconf 84' lang='lat' dir='ltr'><strong>SSma</strong></span> <span class='ocrx_word' id='word_1_136' title='bbox 671 1720 870 1785; x_wconf 89' lang='lat' dir='ltr'><strong>Eucharistia</strong></span> <span class='ocrx_word' id='word_1_137' title='bbox 900 1720 1018 1785; x_wconf 92' lang='lat' dir='ltr'><strong>notorie</strong></span> <span class='ocrx_word' id='word_1_138' title='bbox 1053 1740 1181 1787; x_wconf 87' lang='lat' dir='ltr'><strong>censura</strong></span> <span class='ocrx_word' id='word_1_139' title='bbox 1213 1722 1369 1789; x_wconf 90' lang='lat' dir='ltr'><strong>innodatis</strong></span> 
     </span>
    </p>
   </div>
   <div class='ocr_carea' id='block_1_6' title="bbox 124 1824 1477 1908">
    <p class='ocr_par' dir='ltr' id='par_1_6' title="bbox 124 1824 1477 1908">
     <span class='ocr_line' id='line_1_18' title="bbox 124 1824 1477 1908; baseline 0.004 -21"><span class='ocrx_word' id='word_1_140' title='bbox 124 1824 307 1903; x_wconf 88' lang='lat' dir='ltr'><strong>ministrari,</strong></span> <span class='ocrx_word' id='word_1_141' title='bbox 328 1824 403 1908; x_wconf 90' lang='lat' dir='ltr'><strong>quin</strong></span> <span class='ocrx_word' id='word_1_142' title='bbox 426 1825 510 1907; x_wconf 85' lang='lat' dir='ltr'><strong>prius</strong></span> <span class='ocrx_word' id='word_1_143' title='bbox 532 1825 653 1904; x_wconf 88' lang='lat' dir='ltr'><strong>luerint,</strong></span> <span class='ocrx_word' id='word_1_144' title='bbox 678 1825 725 1888; x_wconf 92' lang='lat' dir='ltr'><strong>uti</strong></span> <span class='ocrx_word' id='word_1_145' title='bbox 748 1842 804 1908; x_wconf 89' lang='lat' dir='ltr'><strong>par</strong></span> <span class='ocrx_word' id='word_1_146' title='bbox 820 1826 883 1903; x_wconf 87' lang='lat' dir='ltr'><strong>est,</strong></span> <span class='ocrx_word' id='word_1_147' title='bbox 905 1842 975 1888; x_wconf 89' lang='lat' dir='ltr'><strong>curn</strong></span> <span class='ocrx_word' id='word_1_148' title='bbox 993 1824 1130 1890; x_wconf 82' lang='lat' dir='ltr'><strong>Ecclesia</strong></span> <span class='ocrx_word' id='word_1_149' title='bbox 1153 1826 1369 1892; x_wconf 73' lang='lat' dir='ltr'><strong>reconciliati?</strong></span> <span class='ocrx_word' id='word_1_150' title='bbox 1476 1830 1477 1835; x_wconf 76' lang='grc'>’</span> 
     </span>
    </p>
   </div>
   <div class='ocr_carea' id='block_1_7' title="bbox 113 1928 1368 4507">
    <p class='ocr_par' dir='ltr' id='par_1_7' title="bbox 231 1928 518 2012">
     <span class='ocr_line' id='line_1_19' title="bbox 231 1928 518 2012; baseline -0.014 -20"><span class='ocrx_word' id='word_1_151' title='bbox 231 1928 267 1992; x_wconf 84' lang='lat' dir='ltr'><strong>a.</strong></span> <span class='ocrx_word' id='word_1_152' title='bbox 316 1929 518 2012; x_wconf 73' lang='lat' dir='ltr'><strong>»Negative«</strong></span> 
     </span>
    </p>

    <p class='ocr_par' dir='ltr' id='par_1_8' title="bbox 121 2032 1368 2615">
     <span class='ocr_line' id='line_1_20' title="bbox 229 2032 1368 2115; baseline 0.004 -20"><span class='ocrx_word' id='word_1_153' title='bbox 229 2032 281 2095; x_wconf 84' lang='grc'><strong>21.</strong></span> <span class='ocrx_word' id='word_1_154' title='bbox 327 2032 360 2097; x_wconf 90' lang='lat' dir='ltr'><strong>Si</strong></span> <span class='ocrx_word' id='word_1_155' title='bbox 381 2033 451 2115; x_wconf 88' lang='lat' dir='ltr'><strong>quis</strong></span> <span class='ocrx_word' id='word_1_156' title='bbox 474 2052 509 2097; x_wconf 88' lang='lat' dir='ltr'><strong>ex</strong></span> <span class='ocrx_word' id='word_1_157' title='bbox 531 2033 653 2097; x_wconf 81' lang='lat' dir='ltr'><strong>iisdem‘</strong></span> <span class='ocrx_word' id='word_1_158' title='bbox 665 2050 794 2097; x_wconf 89' lang='lat' dir='ltr'><strong>censura</strong></span> <span class='ocrx_word' id='word_1_159' title='bbox 822 2032 1032 2111; x_wconf 86' lang='lat' dir='ltr'><strong>ecelesiastica</strong></span> <span class='ocrx_word' id='word_1_160' title='bbox 1063 2034 1179 2099; x_wconf 89' lang='lat' dir='ltr'><strong>notorie</strong></span> <span class='ocrx_word' id='word_1_161' title='bbox 1212 2034 1368 2102; x_wconf 87' lang='lat' dir='ltr'><strong>innodatis</strong></span> 
     </span>
     <span class='ocr_line' id='line_1_21' title="bbox 123 2131 1366 2220; baseline 0.002 -21"><span class='ocrx_word' id='word_1_162' title='bbox 123 2131 247 2219; x_wconf 85' lang='lat' dir='ltr'><strong>obierit,</strong></span> <span class='ocrx_word' id='word_1_163' title='bbox 272 2138 304 2200; x_wconf 92' lang='lat' dir='ltr'><strong>et</strong></span> <span class='ocrx_word' id='word_1_164' title='bbox 323 2136 412 2218; x_wconf 87' lang='lat' dir='ltr'><strong>juxta</strong></span> <span class='ocrx_word' id='word_1_165' title='bbox 435 2136 544 2201; x_wconf 88' lang='lat' dir='ltr'><strong>Sacros</strong></span> <span class='ocrx_word' id='word_1_166' title='bbox 567 2135 713 2216; x_wconf 76' lang='lat' dir='ltr'><strong>Oenones,</strong></span> <span class='ocrx_word' id='word_1_167' title='bbox 736 2138 768 2201; x_wconf 91' lang='lat' dir='ltr'><strong>et</strong></span> <span class='ocrx_word' id='word_1_168' title='bbox 792 2154 912 2201; x_wconf 88' lang='lat' dir='ltr'><strong>normas</strong></span> <span class='ocrx_word' id='word_1_169' title='bbox 934 2138 992 2202; x_wconf 88' lang='lat' dir='ltr'><strong>hac</strong></span> <span class='ocrx_word' id='word_1_170' title='bbox 1016 2156 1107 2220; x_wconf 91' lang='lat' dir='ltr'><strong>super</strong></span> <span class='ocrx_word' id='word_1_171' title='bbox 1130 2158 1162 2203; x_wconf 93' lang='lat' dir='ltr'><strong>re</strong></span> <span class='ocrx_word' id='word_1_172' title='bbox 1186 2158 1204 2203; x_wconf 93' lang='lat' dir='ltr'><strong>a</strong></span> <span class='ocrx_word' id='word_1_173' title='bbox 1225 2139 1366 2204; x_wconf 92' lang='lat' dir='ltr'><strong>Doctori-</strong></span> 
     </span>
     <span class='ocr_line' id='line_1_22' title="bbox 123 2240 1365 2323; baseline 0.002 -19"><span class='ocrx_word' id='word_1_174' title='bbox 123 2240 183 2304; x_wconf 91' lang='lat' dir='ltr'><strong>bus</strong></span> <span class='ocrx_word' id='word_1_175' title='bbox 208 2240 351 2316; x_wconf 88' lang='lat' dir='ltr'><strong>traditas,</strong></span> <span class='ocrx_word' id='word_1_176' title='bbox 376 2240 586 2304; x_wconf 85' lang='lat' dir='ltr'><strong>ecclesiastica</strong></span> <span class='ocrx_word' id='word_1_177' title='bbox 608 2242 769 2323; x_wconf 89' lang='lat' dir='ltr'><strong>sepultura</strong></span> <span class='ocrx_word' id='word_1_178' title='bbox 793 2259 896 2305; x_wconf 88' lang='lat' dir='ltr'><strong>carere</strong></span> <span class='ocrx_word' id='word_1_179' title='bbox 919 2242 1041 2306; x_wconf 92' lang='lat' dir='ltr'><strong>omuino</strong></span> <span class='ocrx_word' id='word_1_180' title='bbox 1065 2242 1187 2320; x_wconf 90' lang='lat' dir='ltr'><strong>debeat,</strong></span> <span class='ocrx_word' id='word_1_181' title='bbox 1211 2243 1243 2307; x_wconf 90' lang='lat' dir='ltr'><strong>et</strong></span> <span class='ocrx_word' id='word_1_182' title='bbox 1258 2244 1365 2307; x_wconf 92' lang='lat' dir='ltr'><strong>contra</strong></span> 
     </span>
     <span class='ocr_line' id='line_1_23' title="bbox 124 2342 1365 2429; baseline 0.002 -23"><span class='ocrx_word' id='word_1_183' title='bbox 124 2342 324 2425; x_wconf 85' lang='lat' dir='ltr'><strong>pertinaciter</strong></span> <span class='ocrx_word' id='word_1_184' title='bbox 352 2344 498 2427; x_wconf 80' lang='lat' dir='ltr'><strong>gravibus</strong></span> <span class='ocrx_word' id='word_1_185' title='bbox 528 2343 620 2408; x_wconf 90' lang='lat' dir='ltr'><strong>minis</strong></span> <span class='ocrx_word' id='word_1_186' title='bbox 649 2344 881 2427; x_wconf 83' lang='lat' dir='ltr'><strong>expostulentur</strong></span> <span class='ocrx_word' id='word_1_187' title='bbox 905 2345 1050 2428; x_wconf 82' lang='lat' dir='ltr'><strong>exequiae</strong></span> <span class='ocrx_word' id='word_1_188' title='bbox 1076 2346 1196 2429; x_wconf 85' lang='lat' dir='ltr'><strong>etipsa</strong></span> <span class='ocrx_word' id='word_1_189' title='bbox 1221 2346 1365 2411; x_wconf 90' lang='lat' dir='ltr'><strong>ecclesia·</strong></span> 
     </span>
     <span class='ocr_line' id='line_1_24' title="bbox 122 2436 1365 2532; baseline 0.002 -21"><span class='ocrx_word' id='word_1_190' title='bbox 122 2448 203 2512; x_wconf 89' lang='lat' dir='ltr'><strong>stica</strong></span> <span class='ocrx_word' id='word_1_191' title='bbox 230 2436 409 2529; x_wconf 70' lang='lat' dir='ltr'><strong>sepultura,</strong></span> <span class='ocrx_word' id='word_1_192' title='bbox 433 2448 583 2530; x_wconf 92' lang='lat' dir='ltr'><strong>quomodo</strong></span> <span class='ocrx_word' id='word_1_193' title='bbox 611 2450 643 2511; x_wconf 90' lang='lat' dir='ltr'><strong>in</strong></span> <span class='ocrx_word' id='word_1_194' title='bbox 677 2448 854 2530; x_wconf 89' lang='lat' dir='ltr'><strong>hujusmodi</strong></span> <span class='ocrx_word' id='word_1_195' title='bbox 879 2467 952 2513; x_wconf 90' lang='lat' dir='ltr'><strong>casu</strong></span> <span class='ocrx_word' id='word_1_196' title='bbox 980 2466 1012 2513; x_wconf 93' lang='lat' dir='ltr'><strong>se</strong></span> <span class='ocrx_word' id='word_1_197' title='bbox 1042 2468 1148 2532; x_wconf 87' lang='lat' dir='ltr'><strong>gerere</strong></span> <span class='ocrx_word' id='word_1_198' title='bbox 1171 2448 1282 2514; x_wconf 87' lang='lat' dir='ltr'><strong>debeat</strong></span> <span class='ocrx_word' id='word_1_199' title='bbox 1305 2450 1365 2515; x_wconf 92' lang='lat' dir='ltr'><strong>Pa·</strong></span> 
     </span>
     <span class='ocr_line' id='line_1_25' title="bbox 121 2549 352 2615; baseline 0 -2"><span class='ocrx_word' id='word_1_200' title='bbox 121 2549 260 2615; x_wconf 75' lang='lat' dir='ltr'><strong>roohus?</strong></span> <span class='ocrx_word' id='word_1_201' title='bbox 348 2558 352 2565; x_wconf 89' lang='lat'>&#39;</span> 
     </span>
    </p>

    <p class='ocr_par' dir='ltr' id='par_1_9' title="bbox 122 2651 1365 3049">
     <span class='ocr_line' id='line_1_26' title="bbox 228 2651 1364 2739; baseline 0.003 -21"><span class='ocrx_word' id='word_1_202' title='bbox 228 2651 264 2720; x_wconf 86' lang='lat' dir='ltr'><strong>R.</strong></span> <span class='ocrx_word' id='word_1_203' title='bbox 313 2653 520 2736; x_wconf 64' lang='lat' dir='ltr'><strong>sociandum,</strong></span> <span class='ocrx_word' id='word_1_204' title='bbox 536 2656 572 2718; x_wconf 90' lang='lat' dir='ltr'><strong>ut</strong></span> <span class='ocrx_word' id='word_1_205' title='bbox 587 2656 698 2720; x_wconf 91' lang='lat' dir='ltr'><strong>cuncta</strong></span> <span class='ocrx_word' id='word_1_206' title='bbox 711 2655 750 2720; x_wconf 91' lang='lat' dir='ltr'><strong>ad</strong></span> <span class='ocrx_word' id='word_1_207' title='bbox 768 2674 905 2721; x_wconf 88' lang='lat' dir='ltr'><strong>normam</strong></span> <span class='ocrx_word' id='word_1_208' title='bbox 921 2656 1081 2721; x_wconf 84' lang='lat' dir='ltr'><strong>Sacrorum</strong></span> <span class='ocrx_word' id='word_1_209' title='bbox 1099 2654 1256 2723; x_wconf 74' lang='lat' dir='ltr'><strong>Catonum</strong></span> <span class='ocrx_word' id='word_1_210' title='bbox 1270 2656 1364 2739; x_wconf 71' lang='lat' dir='ltr'><strong>fiant,</strong></span> 
     </span>
     <span class='ocr_line' id='line_1_27' title="bbox 122 2758 1363 2843; baseline 0 -20"><span class='ocrx_word' id='word_1_211' title='bbox 122 2760 277 2843; x_wconf 89' lang='lat' dir='ltr'><strong>quatenus</strong></span> <span class='ocrx_word' id='word_1_212' title='bbox 302 2778 373 2824; x_wconf 89' lang='lat' dir='ltr'><strong>vero</strong></span> <span class='ocrx_word' id='word_1_213' title='bbox 397 2759 512 2843; x_wconf 90' lang='lat' dir='ltr'><strong>absque</strong></span> <span class='ocrx_word' id='word_1_214' title='bbox 533 2758 697 2824; x_wconf 89' lang='lat' dir='ltr'><strong>turbarum</strong></span> <span class='ocrx_word' id='word_1_215' title='bbox 720 2761 751 2824; x_wconf 89' lang='lat' dir='ltr'><strong>et</strong></span> <span class='ocrx_word' id='word_1_216' title='bbox 775 2759 914 2825; x_wconf 86' lang='lat' dir='ltr'><strong>scandali</strong></span> <span class='ocrx_word' id='word_1_217' title='bbox 937 2760 1070 2843; x_wconf 89' lang='lat' dir='ltr'><strong>periculo</strong></span> <span class='ocrx_word' id='word_1_218' title='bbox 1093 2759 1125 2824; x_wconf 90' lang='lat' dir='ltr'><strong>id</strong></span> <span class='ocrx_word' id='word_1_219' title='bbox 1149 2760 1288 2826; x_wconf 90' lang='lat' dir='ltr'><strong>obtinere</strong></span> <span class='ocrx_word' id='word_1_220' title='bbox 1310 2779 1363 2823; x_wconf 91' lang='lat' dir='ltr'><strong>ne·</strong></span> 
     </span>
     <span class='ocr_line' id='line_1_28' title="bbox 122 2862 1365 2949; baseline 0.002 -23"><span class='ocrx_word' id='word_1_221' title='bbox 122 2865 226 2945; x_wconf 90' lang='lat' dir='ltr'><strong>queat,</strong></span> <span class='ocrx_word' id='word_1_222' title='bbox 253 2864 407 2929; x_wconf 86' lang='lat' dir='ltr'><strong>Paroclrus</strong></span> <span class='ocrx_word' id='word_1_223' title='bbox 430 2882 528 2946; x_wconf 91' lang='lat' dir='ltr'><strong>neque</strong></span> <span class='ocrx_word' id='word_1_224' title='bbox 551 2883 603 2946; x_wconf 94' lang='lat' dir='ltr'><strong>per</strong></span> <span class='ocrx_word' id='word_1_225' title='bbox 626 2882 667 2940; x_wconf 89' lang='lat' dir='ltr'><strong>se,</strong></span> <span class='ocrx_word' id='word_1_226' title='bbox 689 2882 788 2947; x_wconf 92' lang='lat' dir='ltr'><strong>neque</strong></span> <span class='ocrx_word' id='word_1_227' title='bbox 805 2884 858 2947; x_wconf 90' lang='lat' dir='ltr'><strong>per</strong></span> <span class='ocrx_word' id='word_1_228' title='bbox 877 2864 954 2929; x_wconf 88' lang='lat' dir='ltr'><strong>alios</strong></span> <span class='ocrx_word' id='word_1_229' title='bbox 970 2864 1145 2929; x_wconf 87' lang='lat' dir='ltr'><strong>sacerdotes</strong></span> <span class='ocrx_word' id='word_1_230' title='bbox 1166 2864 1204 2930; x_wconf 89' lang='lat' dir='ltr'><strong>ad</strong></span> <span class='ocrx_word' id='word_1_231' title='bbox 1221 2862 1365 2949; x_wconf 86' lang='lat' dir='ltr'><strong>exequias</strong></span> 
     </span>
     <span class='ocr_line' id='line_1_29' title="bbox 122 2966 845 3049; baseline -0.004 -18"><span class='ocrx_word' id='word_1_232' title='bbox 122 2966 217 3031; x_wconf 90' lang='lat' dir='ltr'><strong>etad</strong></span> <span class='ocrx_word' id='word_1_233' title='bbox 241 2967 431 3049; x_wconf 87' lang='lat' dir='ltr'><strong>sepulturam</strong></span> <span class='ocrx_word' id='word_1_234' title='bbox 455 2966 518 3031; x_wconf 92' lang='lat' dir='ltr'><strong>ullo</strong></span> <span class='ocrx_word' id='word_1_235' title='bbox 542 2966 632 3031; x_wconf 94' lang='lat' dir='ltr'><strong>modo</strong></span> <span class='ocrx_word' id='word_1_236' title='bbox 654 2970 845 3033; x_wconf 81' lang='lat' dir='ltr'><strong>concurrat«</strong></span> 
     </span>
    </p>

    <p class='ocr_par' dir='ltr' id='par_1_10' title="bbox 121 3070 1363 3258">
     <span class='ocr_line' id='line_1_30' title="bbox 228 3070 1363 3156; baseline 0.004 -23"><span class='ocrx_word' id='word_1_237' title='bbox 228 3070 279 3136; x_wconf 85' lang='lat'><strong>22.</strong></span> <span class='ocrx_word' id='word_1_238' title='bbox 313 3070 362 3133; x_wconf 81' lang='lat' dir='ltr'><strong>An</strong></span> <span class='ocrx_word' id='word_1_239' title='bbox 382 3070 550 3153; x_wconf 87' lang='lat' dir='ltr'><strong>Episcopus</strong></span> <span class='ocrx_word' id='word_1_240' title='bbox 572 3070 799 3154; x_wconf 89' lang='lat' dir='ltr'><strong>praedicatores</strong></span> <span class='ocrx_word' id='word_1_241' title='bbox 816 3070 983 3155; x_wconf 88' lang='lat' dir='ltr'><strong>adprobare</strong></span> <span class='ocrx_word' id='word_1_242' title='bbox 1004 3072 1111 3155; x_wconf 90' lang='lat' dir='ltr'><strong>possit,</strong></span> <span class='ocrx_word' id='word_1_243' title='bbox 1128 3074 1181 3156; x_wconf 89' lang='lat' dir='ltr'><strong>qui</strong></span> <span class='ocrx_word' id='word_1_244' title='bbox 1200 3073 1238 3137; x_wconf 90' lang='lat' dir='ltr'><strong>ab</strong></span> <span class='ocrx_word' id='word_1_245' title='bbox 1255 3074 1363 3138; x_wconf 88' lang='lat' dir='ltr'><strong>actua·</strong></span> 
     </span>
     <span class='ocr_line' id='line_1_31' title="bbox 121 3173 957 3258; baseline 0.005 -21"><span class='ocrx_word' id='word_1_246' title='bbox 121 3173 204 3239; x_wconf 87' lang='lat' dir='ltr'><strong>libus</strong></span> <span class='ocrx_word' id='word_1_247' title='bbox 230 3174 469 3258; x_wconf 85' lang='lat' dir='ltr'><strong>Municipalibus</strong></span> <span class='ocrx_word' id='word_1_248' title='bbox 492 3175 741 3240; x_wconf 83' lang='lat' dir='ltr'><strong>Auctoritatibus</strong></span> <span class='ocrx_word' id='word_1_249' title='bbox 765 3176 957 3241; x_wconf 86' lang='lat' dir='ltr'><strong>offeruntur?</strong></span> 
     </span>
    </p>

    <p class='ocr_par' dir='ltr' id='par_1_11' title="bbox 120 3278 1363 3467">
     <span class='ocr_line' id='line_1_32' title="bbox 229 3278 1363 3364; baseline 0.004 -21"><span class='ocrx_word' id='word_1_250' title='bbox 229 3278 265 3344; x_wconf 84' lang='lat' dir='ltr'><strong>R.</strong></span> <span class='ocrx_word' id='word_1_251' title='bbox 314 3279 426 3343; x_wconf 83' lang='lat' dir='ltr'><strong>»Posse</strong></span> <span class='ocrx_word' id='word_1_252' title='bbox 459 3278 644 3361; x_wconf 90' lang='lat' dir='ltr'><strong>Episcopum</strong></span> <span class='ocrx_word' id='word_1_253' title='bbox 675 3280 825 3364; x_wconf 90' lang='lat' dir='ltr'><strong>tanquam</strong></span> <span class='ocrx_word' id='word_1_254' title='bbox 860 3300 896 3345; x_wconf 89' lang='lat' dir='ltr'><strong>ex</strong></span> <span class='ocrx_word' id='word_1_255' title='bbox 927 3300 958 3345; x_wconf 91' lang='lat' dir='ltr'><strong>se</strong></span> <span class='ocrx_word' id='word_1_256' title='bbox 993 3281 1107 3364; x_wconf 86' lang='lat' dir='ltr'><strong>eligere</strong></span> <span class='ocrx_word' id='word_1_257' title='bbox 1138 3283 1363 3364; x_wconf 88' lang='lat' dir='ltr'><strong>praesentatos,</strong></span> 
     </span>
     <span class='ocr_line' id='line_1_33' title="bbox 120 3381 1176 3467; baseline 0 -22"><span class='ocrx_word' id='word_1_258' title='bbox 120 3382 288 3446; x_wconf 88' lang='lat' dir='ltr'><strong>dummodo</strong></span> <span class='ocrx_word' id='word_1_259' title='bbox 310 3381 341 3445; x_wconf 91' lang='lat' dir='ltr'><strong>in</strong></span> <span class='ocrx_word' id='word_1_260' title='bbox 364 3382 408 3447; x_wconf 91' lang='lat' dir='ltr'><strong>eis</strong></span> <span class='ocrx_word' id='word_1_261' title='bbox 430 3386 614 3447; x_wconf 89' lang='lat' dir='ltr'><strong>concurrant</strong></span> <span class='ocrx_word' id='word_1_262' title='bbox 635 3400 741 3447; x_wconf 91' lang='lat' dir='ltr'><strong>omnes</strong></span> <span class='ocrx_word' id='word_1_263' title='bbox 764 3384 932 3467; x_wconf 88' lang='lat' dir='ltr'><strong>qualitates</strong></span> <span class='ocrx_word' id='word_1_264' title='bbox 955 3382 1176 3452; x_wconf 76' lang='lat' dir='ltr'><strong>necessariae«</strong></span> 
     </span>
    </p>

    <p class='ocr_par' dir='ltr' id='par_1_12' title="bbox 119 3484 1363 3778">
     <span class='ocr_line' id='line_1_34' title="bbox 228 3484 1363 3570; baseline 0.004 -21"><span class='ocrx_word' id='word_1_265' title='bbox 228 3486 278 3549; x_wconf 81' lang='lat'><strong>23.</strong></span> <span class='ocrx_word' id='word_1_266' title='bbox 324 3485 374 3549; x_wconf 82' lang='lat' dir='ltr'><strong>An</strong></span> <span class='ocrx_word' id='word_1_267' title='bbox 395 3486 559 3549; x_wconf 88' lang='lat' dir='ltr'><strong>Exactores</strong></span> <span class='ocrx_word' id='word_1_268' title='bbox 583 3486 615 3550; x_wconf 89' lang='lat' dir='ltr'><strong>et</strong></span> <span class='ocrx_word' id='word_1_269' title='bbox 638 3484 785 3550; x_wconf 80' lang='lat' dir='ltr'><strong>Cursores</strong></span> <span class='ocrx_word' id='word_1_270' title='bbox 809 3487 926 3568; x_wconf 90' lang='lat' dir='ltr'><strong>possint</strong></span> <span class='ocrx_word' id='word_1_271' title='bbox 949 3486 1096 3552; x_wconf 88' lang='lat' dir='ltr'><strong>mandata</strong></span> <span class='ocrx_word' id='word_1_272' title='bbox 1117 3488 1239 3570; x_wconf 89' lang='lat' dir='ltr'><strong>exsequi</strong></span> <span class='ocrx_word' id='word_1_273' title='bbox 1255 3490 1363 3553; x_wconf 92' lang='lat' dir='ltr'><strong>contra</strong></span> 
     </span>
     <span class='ocr_line' id='line_1_35' title="bbox 119 3588 1362 3672; baseline 0.003 -19"><span class='ocrx_word' id='word_1_274' title='bbox 119 3588 355 3654; x_wconf 89' lang='lat' dir='ltr'><strong>Ecclesiasticus</strong></span> <span class='ocrx_word' id='word_1_275' title='bbox 379 3590 410 3653; x_wconf 92' lang='lat' dir='ltr'><strong>et</strong></span> <span class='ocrx_word' id='word_1_276' title='bbox 433 3589 512 3653; x_wconf 89' lang='lat' dir='ltr'><strong>Loca</strong></span> <span class='ocrx_word' id='word_1_277' title='bbox 534 3588 592 3653; x_wconf 87' lang='lat' dir='ltr'><strong>Pia</strong></span> <span class='ocrx_word' id='word_1_278' title='bbox 612 3608 732 3655; x_wconf 85' lang='lat' dir='ltr'><strong>morosa</strong></span> <span class='ocrx_word' id='word_1_279' title='bbox 753 3590 852 3672; x_wconf 89' lang='lat' dir='ltr'><strong>quoad</strong></span> <span class='ocrx_word' id='word_1_280' title='bbox 876 3590 1049 3656; x_wconf 88' lang='lat' dir='ltr'><strong>exactiones</strong></span> <span class='ocrx_word' id='word_1_281' title='bbox 1072 3592 1192 3671; x_wconf 86' lang='lat' dir='ltr'><strong>tributi,</strong></span> <span class='ocrx_word' id='word_1_282' title='bbox 1217 3593 1286 3656; x_wconf 87' lang='lat' dir='ltr'><strong>turn</strong></span> <span class='ocrx_word' id='word_1_283' title='bbox 1308 3610 1362 3657; x_wconf 89' lang='lat' dir='ltr'><strong>ca·</strong></span> 
     </span>
     <span class='ocr_line' id='line_1_36' title="bbox 120 3691 1266 3778; baseline 0 -21"><span class='ocrx_word' id='word_1_284' title='bbox 120 3693 256 3770; x_wconf 81' lang='lat' dir='ltr'><strong>merulis,</strong></span> <span class='ocrx_word' id='word_1_285' title='bbox 277 3695 345 3757; x_wconf 93' lang='lat' dir='ltr'><strong>tum</strong></span> <span class='ocrx_word' id='word_1_286' title='bbox 368 3691 573 3774; x_wconf 88' lang='lat' dir='ltr'><strong>municipalis,</strong></span> <span class='ocrx_word' id='word_1_287' title='bbox 593 3695 625 3757; x_wconf 88' lang='lat' dir='ltr'><strong>et</strong></span> <span class='ocrx_word' id='word_1_288' title='bbox 646 3693 757 3777; x_wconf 88' lang='lat' dir='ltr'><strong>quibus</strong></span> <span class='ocrx_word' id='word_1_289' title='bbox 778 3692 892 3759; x_wconf 91' lang='lat' dir='ltr'><strong>normis</strong></span> <span class='ocrx_word' id='word_1_290' title='bbox 916 3694 1085 3778; x_wconf 89' lang='lat' dir='ltr'><strong>quibusque</strong></span> <span class='ocrx_word' id='word_1_291' title='bbox 1109 3694 1266 3760; x_wconf 66' lang='lat' dir='ltr'><strong>cautelis?</strong></span> 
     </span>
    </p>

    <p class='ocr_par' dir='ltr' id='par_1_13' title="bbox 113 3793 1361 4507">
     <span class='ocr_line' id='line_1_37' title="bbox 225 3793 1361 3881; baseline 0.003 -20"><span class='ocrx_word' id='word_1_292' title='bbox 225 3794 262 3861; x_wconf 86' lang='lat' dir='ltr'><strong>R.</strong></span> <span class='ocrx_word' id='word_1_293' title='bbox 310 3793 424 3861; x_wconf 82' lang='lat' dir='ltr'><strong>»Sacra</strong></span> <span class='ocrx_word' id='word_1_294' title='bbox 454 3795 699 3862; x_wconf 87' lang='lat' dir='ltr'><strong>Paenitentiaria</strong></span> <span class='ocrx_word' id='word_1_295' title='bbox 729 3797 767 3861; x_wconf 92' lang='lat' dir='ltr'><strong>de</strong></span> <span class='ocrx_word' id='word_1_296' title='bbox 796 3798 924 3879; x_wconf 88' lang='lat' dir='ltr'><strong>speciali</strong></span> <span class='ocrx_word' id='word_1_297' title='bbox 953 3799 984 3863; x_wconf 91' lang='lat' dir='ltr'><strong>et</strong></span> <span class='ocrx_word' id='word_1_298' title='bbox 1011 3816 1152 3881; x_wconf 90' lang='lat' dir='ltr'><strong>expressa</strong></span> <span class='ocrx_word' id='word_1_299' title='bbox 1182 3798 1361 3881; x_wconf 81' lang='lat' dir='ltr'><strong>Apostolioa</strong></span> 
     </span>
     <span class='ocr_line' id='line_1_38' title="bbox 119 3899 1359 3983; baseline 0.001 -17"><span class='ocrx_word' id='word_1_300' title='bbox 119 3900 327 3978; x_wconf 71' lang='lat' dir='ltr'><strong>auctoritate,</strong></span> <span class='ocrx_word' id='word_1_301' title='bbox 350 3899 481 3983; x_wconf 86' lang='lat' dir='ltr'><strong>benigne</strong></span> <span class='ocrx_word' id='word_1_302' title='bbox 504 3902 549 3964; x_wconf 88' lang='lat' dir='ltr'><strong>sie</strong></span> <span class='ocrx_word' id='word_1_303' title='bbox 571 3902 725 3965; x_wconf 92' lang='lat' dir='ltr'><strong>annuente</strong></span> <span class='ocrx_word' id='word_1_304' title='bbox 746 3899 840 3966; x_wconf 85' lang='lat' dir='ltr'><strong>SSmo</strong></span> <span class='ocrx_word' id='word_1_305' title='bbox 867 3902 999 3966; x_wconf 91' lang='lat' dir='ltr'><strong>Domino</strong></span> <span class='ocrx_word' id='word_1_306' title='bbox 1015 3900 1127 3967; x_wconf 86' lang='lat' dir='ltr'><strong>Nostro</strong></span> <span class='ocrx_word' id='word_1_307' title='bbox 1146 3901 1201 3966; x_wconf 91' lang='lat' dir='ltr'><strong>Pio</strong></span> <span class='ocrx_word' id='word_1_308' title='bbox 1217 3903 1279 3969; x_wconf 90' lang='grc' dir='ltr'><strong>ΡΡ.</strong></span> <span class='ocrx_word' id='word_1_309' title='bbox 1293 3903 1359 3983; x_wconf 88' lang='grc' dir='ltr'><strong>ΙΧ.,</strong></span> 
     </span>
     <span class='ocr_line' id='line_1_39' title="bbox 116 3991 1360 4089; baseline 0.002 -21"><span class='ocrx_word' id='word_1_310' title='bbox 116 4002 261 4069; x_wconf 89' lang='lat' dir='ltr'><strong>omnibus</strong></span> <span class='ocrx_word' id='word_1_311' title='bbox 277 4005 308 4069; x_wconf 90' lang='lat' dir='ltr'><strong>et</strong></span> <span class='ocrx_word' id='word_1_312' title='bbox 323 3991 455 4087; x_wconf 88' lang='lat' dir='ltr'><strong>siugulis</strong></span> <span class='ocrx_word' id='word_1_313' title='bbox 477 4004 628 4069; x_wconf 88' lang='lat' dir='ltr'><strong>Locorum</strong></span> <span class='ocrx_word' id='word_1_314' title='bbox 644 4002 828 4083; x_wconf 88' lang='lat' dir='ltr'><strong>Ordinariis,</strong></span> <span class='ocrx_word' id='word_1_315' title='bbox 848 4025 978 4089; x_wconf 91' lang='lat' dir='ltr'><strong>quorum</strong></span> <span class='ocrx_word' id='word_1_316' title='bbox 997 4004 1187 4070; x_wconf 83' lang='lat' dir='ltr'><strong>territorias</strong></span> <span class='ocrx_word' id='word_1_317' title='bbox 1204 4004 1360 4071; x_wconf 80' lang='lat' dir='ltr'><strong>Gubernio</strong></span> 
     </span>
     <span class='ocr_line' id='line_1_40' title="bbox 116 4106 1360 4189; baseline 0.002 -18"><span class='ocrx_word' id='word_1_318' title='bbox 116 4108 258 4172; x_wconf 80' lang='lat' dir='ltr'><strong>invasore</strong></span> <span class='ocrx_word' id='word_1_319' title='bbox 279 4108 428 4189; x_wconf 89' lang='lat' dir='ltr'><strong>occupata</strong></span> <span class='ocrx_word' id='word_1_320' title='bbox 451 4106 585 4184; x_wconf 84' lang='lat' dir='ltr'><strong>fuerunt,</strong></span> <span class='ocrx_word' id='word_1_321' title='bbox 608 4106 648 4171; x_wconf 91' lang='lat' dir='ltr'><strong>ad</strong></span> <span class='ocrx_word' id='word_1_322' title='bbox 670 4126 721 4171; x_wconf 87' lang='lat' dir='ltr'><strong>sex</strong></span> <span class='ocrx_word' id='word_1_323' title='bbox 744 4127 865 4174; x_wconf 90' lang='lat' dir='ltr'><strong>menses</strong></span> <span class='ocrx_word' id='word_1_324' title='bbox 888 4108 1068 4175; x_wconf 87' lang='lat' dir='ltr'><strong>duraturam</strong></span> <span class='ocrx_word' id='word_1_325' title='bbox 1088 4106 1271 4176; x_wconf 81' lang='lat' dir='ltr'><strong>facultatem</strong></span> <span class='ocrx_word' id='word_1_326' title='bbox 1287 4128 1360 4175; x_wconf 90' lang='lat' dir='ltr'><strong>oon·</strong></span> 
     </span>
     <span class='ocr_line' id='line_1_41' title="bbox 115 4210 1360 4297; baseline 0.003 -22"><span class='ocrx_word' id='word_1_327' title='bbox 115 4210 215 4289; x_wconf 88' lang='lat' dir='ltr'><strong>cedit,</strong></span> <span class='ocrx_word' id='word_1_328' title='bbox 248 4210 313 4276; x_wconf 82' lang='lat' dir='ltr'><strong>sive</strong></span> <span class='ocrx_word' id='word_1_329' title='bbox 339 4228 395 4293; x_wconf 91' lang='lat' dir='ltr'><strong>per</strong></span> <span class='ocrx_word' id='word_1_330' title='bbox 418 4228 467 4288; x_wconf 88' lang='lat' dir='ltr'><strong>se,</strong></span> <span class='ocrx_word' id='word_1_331' title='bbox 499 4210 562 4276; x_wconf 86' lang='lat' dir='ltr'><strong>sire</strong></span> <span class='ocrx_word' id='word_1_332' title='bbox 592 4228 646 4293; x_wconf 94' lang='lat' dir='ltr'><strong>per</strong></span> <span class='ocrx_word' id='word_1_333' title='bbox 669 4212 765 4276; x_wconf 90' lang='lat' dir='ltr'><strong>aliam</strong></span> <span class='ocrx_word' id='word_1_334' title='bbox 789 4212 1029 4279; x_wconf 87' lang='lat' dir='ltr'><strong>ecclesiasticam</strong></span> <span class='ocrx_word' id='word_1_335' title='bbox 1053 4232 1215 4297; x_wconf 89' lang='lat' dir='ltr'><strong>personam</strong></span> <span class='ocrx_word' id='word_1_336' title='bbox 1240 4212 1360 4281; x_wconf 88' lang='lat' dir='ltr'><strong>adhoc</strong></span> 
     </span>
     <span class='ocr_line' id='line_1_42' title="bbox 115 4313 1360 4401; baseline 0.002 -21"><span class='ocrx_word' id='word_1_337' title='bbox 115 4313 293 4398; x_wconf 88' lang='lat' dir='ltr'><strong>specialiter</strong></span> <span class='ocrx_word' id='word_1_338' title='bbox 319 4334 338 4379; x_wconf 90' lang='lat' dir='ltr'><strong>a</strong></span> <span class='ocrx_word' id='word_1_339' title='bbox 360 4314 499 4397; x_wconf 91' lang='lat' dir='ltr'><strong>quolibet</strong></span> <span class='ocrx_word' id='word_1_340' title='bbox 528 4333 563 4379; x_wconf 92' lang='lat' dir='ltr'><strong>ex</strong></span> <span class='ocrx_word' id='word_1_341' title='bbox 588 4314 680 4381; x_wconf 87' lang='lat' dir='ltr'><strong>dictis</strong></span> <span class='ocrx_word' id='word_1_342' title='bbox 712 4314 883 4381; x_wconf 88' lang='lat' dir='ltr'><strong>Ordinariis</strong></span> <span class='ocrx_word' id='word_1_343' title='bbox 918 4314 1145 4401; x_wconf 88' lang='lat' dir='ltr'><strong>deputandam,</strong></span> <span class='ocrx_word' id='word_1_344' title='bbox 1180 4316 1360 4400; x_wconf 87' lang='lat' dir='ltr'><strong>Apostolioa</strong></span> 
     </span>
     <span class='ocr_line' id='line_1_43' title="bbox 113 4416 1357 4507; baseline 0.002 -23"><span class='ocrx_word' id='word_1_345' title='bbox 113 4420 315 4484; x_wconf 85' lang='lat' dir='ltr'><strong>Auctoritate</strong></span> <span class='ocrx_word' id='word_1_346' title='bbox 338 4418 527 4484; x_wconf 87' lang='lat' dir='ltr'><strong>habilitandi</strong></span> <span class='ocrx_word' id='word_1_347' title='bbox 541 4416 697 4485; x_wconf 75' lang='lat' dir='ltr'><strong>&#39;Cursores</strong></span> <span class='ocrx_word' id='word_1_348' title='bbox 719 4422 751 4507; x_wconf 83' lang='lat' dir='ltr'><strong>et</strong></span> <span class='ocrx_word' id='word_1_349' title='bbox 775 4420 938 4486; x_wconf 88' lang='lat' dir='ltr'><strong>Exactores</strong></span> <span class='ocrx_word' id='word_1_350' title='bbox 953 4420 992 4486; x_wconf 90' lang='lat' dir='ltr'><strong>ad</strong></span> <span class='ocrx_word' id='word_1_351' title='bbox 1009 4419 1184 4505; x_wconf 87' lang='lat' dir='ltr'><strong>exequenda</strong></span> <span class='ocrx_word' id='word_1_352' title='bbox 1201 4420 1357 4501; x_wconf 88' lang='lat' dir='ltr'><strong>mandata,</strong></span> 
     </span>
    </p>
   </div>
   <div class='ocr_carea' id='block_1_8' title="bbox 111 4521 1358 4693">
    <p class='ocr_par' dir='ltr' id='par_1_14' title="bbox 111 4521 1358 4693">
     <span class='ocr_line' id='line_1_44' title="bbox 111 4521 1358 4609; baseline 0 -20"><span class='ocrx_word' id='word_1_353' title='bbox 111 4524 182 4589; x_wconf 87' lang='lat' dir='ltr'><strong>tum</strong></span> <span class='ocrx_word' id='word_1_354' title='bbox 203 4523 311 4589; x_wconf 84' lang='lat' dir='ltr'><strong>contra</strong></span> <span class='ocrx_word' id='word_1_355' title='bbox 332 4522 413 4589; x_wconf 85' lang='lat' dir='ltr'><strong>Loca</strong></span> <span class='ocrx_word' id='word_1_356' title='bbox 436 4521 511 4602; x_wconf 88' lang='lat' dir='ltr'><strong>Pia,</strong></span> <span class='ocrx_word' id='word_1_357' title='bbox 540 4521 609 4588; x_wconf 92' lang='lat' dir='ltr'><strong>tum</strong></span> <span class='ocrx_word' id='word_1_358' title='bbox 632 4524 740 4589; x_wconf 89' lang='lat' dir='ltr'><strong>contra</strong></span> <span class='ocrx_word' id='word_1_359' title='bbox 762 4540 908 4607; x_wconf 88' lang='lat' dir='ltr'><strong>personas</strong></span> <span class='ocrx_word' id='word_1_360' title='bbox 931 4522 1172 4605; x_wconf 87' lang='lat' dir='ltr'><strong>ecclesiasticas,</strong></span> <span class='ocrx_word' id='word_1_361' title='bbox 1204 4527 1304 4609; x_wconf 84' lang='lat' dir='ltr'><strong>petita</strong></span> <span class='ocrx_word' id='word_1_362' title='bbox 1327 4528 1358 4589; x_wconf 92' lang='lat' dir='ltr'><strong>et</strong></span> 
     </span>
     <span class='ocr_line' id='line_1_45' title="bbox 142 4623 1252 4693; baseline -0.01 -18"><span class='ocrx_word' id='word_1_363' title='bbox 142 4625 240 4675; x_wconf 64' lang='lat' dir='ltr'><strong>mento</strong></span> <span class='ocrx_word' id='word_1_364' title='bbox 254 4624 295 4673; x_wconf 63' lang='lat' dir='ltr'><strong>Edu·</strong></span> <span class='ocrx_word' id='word_1_365' title='bbox 311 4624 501 4674; x_wconf 76' lang='lat' dir='ltr'><strong>Ktrchsnrsoht</strong></span> <span class='ocrx_word' id='word_1_366' title='bbox 514 4623 556 4690; x_wconf 72' lang='lat' dir='ltr'><strong>El.</strong></span> <span class='ocrx_word' id='word_1_367' title='bbox 1232 4629 1252 4693; x_wconf 84' lang='lat'>9</span> 
     </span>
    </p>
   </div>
   <div class='ocr_carea' id='block_1_9' title="bbox 0 0 1530 4859">
    <p class='ocr_par' dir='ltr' id='par_1_15' title="bbox 0 0 1530 4859">
     <span class='ocr_line' id='line_1_46' title="bbox 0 0 1530 4859; baseline 0 1"><span class='ocrx_word' id='word_1_368' title='bbox 0 0 1530 4859; x_wconf 95' lang='lat' dir='ltr'><strong> </strong></span> 
     </span>
    </p>
   </div>
  </div>
 </body>
</html>
