3050 4859
137 138 202 206 474
241 154 356 217 Leonta
374 155 459 212 xiil.
480 155 600 225 Edepol.
618 157 662 211 ert
681 157 842 226 episcopor
862 153 985 228 Gelbes
1004 155 1073 212 utri.
1093 153 1119 209 s.
1138 153 1227 212 acor.
1245 111 1337 211 resa

138 327 323 394 caelestibus
344 345 398 410 per
419 325 528 393 lesum
551 326 711 392 Christum
733 325 839 391 allatis
863 325 901 390 ad
923 324 979 416 illa
1001 325 1068 408 ipsa
1089 324 1190 391 officia
1212 323 1397 408 diligenter

137 433 304 515 sancteque
325 431 484 498 servando.
530 431 590 496 His
612 449 672 496 non
692 431 842 515 cognitis,
873 430 955 495 mele
985 448 1061 496 sana
1083 427 1182 496 omnis
1204 429 1310 494 futura
1334 429 1395 491 est

138 536 310 602 animorum
334 535 476 601 cultura:
507 536 623 600 insueti
645 535 685 600 ad
708 533 924 601 verecundiam
948 533 1007 598 Dei
1031 533 1240 599 adolescentes
1260 531 1393 596 nullam

137 763 275 828 unquam
298 761 412 828 negare
434 743 512 822 ausi,
534 743 625 808 facile
645 743 686 807 ed
708 743 881 808 miscendas
901 743 1043 808 civitates
1065 741 1292 825 pertrahentur.

242 848 360 912 Deinde
386 847 443 913 illa
464 847 669 912 saluberrime
691 867 789 932 aeque
812 867 849 914 ac
871 846 1048 924 renseima,
1078 864 1156 930 quae
1188 846 1227 912 ad
1257 845 1390 910 civilem

46 974 49 978 ·
137 952 317 1018 societatem
347 952 652 1036 vicissitudinumque
677 952 795 1038 jurium
828 953 860 1018 et
888 951 1060 1018 officiorum
1088 950 1171 1016 iuter
1198 969 1316 1016 sacram
1350 952 1391 1014 et

133 1057 296 1140 politicam
318 1059 506 1141 potestatem
529 1059 680 1155 spectant.
705 1095 745 1104 -
767 1055 1035 1138 Quemadmodum
1057 1056 1137 1120 enim
1160 1055 1239 1120 duae
1261 1055 1390 1120 suntin

137 1161 230 1226 terris
252 1160 416 1227 societates
438 1162 599 1241 maximae,
622 1162 721 1228 altera
744 1161 854 1241 ciuilia,
878 1161 966 1246 cujus
988 1160 1143 1244 proximus
1165 1160 1235 1224 linis
1256 1161 1302 1224 est
1323 1159 1389 1224 hn-

67 1275 70 1283 '
138 1283 229 1331 roano
251 1265 358 1350 generi
379 1265 494 1331 bonum
514 1285 692 1349 comparare
713 1266 884 1350 temporale
907 1267 939 1332 et
959 1264 1162 1343 mundanum,
1186 1263 1286 1328 altera
1309 1263 1389 1335 reli·

138 1369 242 1452 giosa,
269 1369 357 1453 quus
388 1370 435 1434 est
458 1369 596 1435 homines
620 1369 659 1434 ad
685 1389 790 1435 veram
811 1369 899 1438 illam
917 1367 1105 1434 -felioitatem
1130 1366 1311 1450 perducere,
1342 1365 1387 1430 ad

137 1488 240 1557 quam·
254 1473 331 1538 facti
352 1492 476 1554 armus,
500 1473 665 1540 caelestem
688 1494 726 1540 ec
743 1475 984 1558 sempiternam,
1014 1473 1062 1541 ita
1091 1472 1215 1557 gemina
1245 1473 1386 1556 potestas

104 1592 106 1595 ’
136 1579 202 1654 est;
230 1579 375 1642 aeternae
407 1577 603 1662 naturalique
630 1579 693 1663 legi
718 1578 897 1646 obedientes
920 1579 1049 1656 ambae,
1080 1579 1112 1642 et
1134 1578 1167 1642 in
1189 1577 1280 1642 rebus
1303 1595 1385 1659 quae

137 1681 319 1747 alterutrius
337 1682 445 1747 ordine
467 1682 655 1766 imperioque
677 1684 890 1762 continentur,
921 1683 981 1748 sibi
1008 1683 1150 1766 singulae
1177 1679 1381 1747 consulentes.

138 1785 253 1850 Veram
276 1785 396 1868 quoties
418 1785 586 1872 quidquam
607 1787 759 1853 constitui
788 1787 824 1852 de
855 1807 889 1852 eo
920 1807 1031 1873 genero
1064 1788 1222 1870 oporteat,
1253 1785 1290 1851 de
1320 1804 1383 1869 quo

137 1891 301 1972 utramque
323 1893 525 1973 potestatem,
553 1890 682 1956 diversis
706 1891 833 1975 quidem
862 1892 963 1958 causis
995 1892 1174 1983 diversoque
1198 1889 1302 1967 modo,
1326 1889 1381 1954 sed

136 1996 242 2059 tamen
262 1994 427 2077 utramque
449 1995 636 2060 constituero
663 1999 783 2062 rectum
808 1995 866 2073 sit,
903 1996 1076 2062 necessaria
1109 1997 1157 2062 est
1185 1996 1217 2059 et
1247 1993 1382 2060 utilitati

138 2097 282 2182 publicae
300 2098 507 2164 consentanea
529 2100 690 2183 utriusque
713 2099 891 2177 concordia;
914 2119 976 2183 qua
998 2099 1139 2177 sublata,
1163 2099 1286 2164 omnino
1309 2117 1382 2162 con·

137 2203 282 2268 secutura
301 2203 349 2267 est
372 2221 482 2286 anceps
505 2203 657 2287 quaedam
679 2204 901 2288 mutabilisque
921 2203 1067 2282 conditio,
1089 2221 1222 2287 quacum
1247 2221 1301 2268 nec
1321 2202 1381 2266 Ec-

135 2308 248 2375 clesiae
271 2325 327 2372 nec
350 2308 613 2392 civitatis‘potest
634 2309 848 2392 tranquillitas
869 2309 1045 2375 consistere.
1073 2307 1150 2374 Cum
1170 2308 1268 2391 igitur
1281 2307 1382 2390 pactis

135 2411 293 2478 conventis
315 2411 397 2477 inter
418 2431 539 2479 sacram
562 2413 745 2498 civilemque
768 2414 954 2497 potestatem
977 2414 1099 2497 publice
1124 2412 1242 2496 aliquid
1265 2411 1382 2478 consti-

135 2517 241 2580 tutum
262 2516 327 2595 est,
359 2517 434 2581 tnnc
468 2517 605 2599 protecto
628 2517 708 2602 quod
733 2517 875 2600 just‘tiae
897 2517 1043 2598 interest,
1075 2518 1207 2584 interest
1229 2515 1311 2582 idern
1334 2515 1381 2580 rei

135 2619 296 2704 publicae,
320 2619 514 2686 concordiam
537 2640 659 2687 manere
681 2622 856 2706 integram3
888 2623 1050 2706 propterea
1079 2622 1160 2705 quod
1183 2621 1265 2686 siout
1287 2620 1382 2684 elteri

136 2725 175 2789 ab
198 2723 297 2789 altera
317 2725 515 2807 praestantur
536 2723 640 2790 officie
661 2727 781 2805 mutua,
805 2726 851 2791 ita
873 2727 977 2803 certus
996 2725 1145 2792 utilitatis
1161 2725 1282 2790 fructus
1298 2724 1382 2788 ultro

135 2829 273 2912 citroque
297 2828 449 2911 accipitur
470 2829 504 2894 et
524 2829 675 2896 redditur.

153 2965 157 2970 -
239 2932 277 3030 ln
299 2931 420 3010 Gallie,
442 2933 569 2999 ineunte
591 2933 650 2999 hoc
672 2934 812 3012 saeculo,
842 2935 1044 3019 posteaquam
1067 2935 1211 3018 ingentes
1232 2933 1299 3011 illi,
1326 2931 1381 3014 qni

136 3036 228 3119 paulo
244 3038 316 3102 ante
330 3037 464 3116 fuerant,
483 3040 586 3103 motus
601 3039 707 3104 civiles
722 3040 916 3122 terroresque
932 3039 1178 3122 conquieverant,
1202 3037 1261 3120 ipsi
1276 3056 1381 3103 rerum

136 3141 331 3224 publicarum
352 3143 487 3208 rectores
508 3142 697 3222 intellexere,
726 3143 810 3208 haud
833 3162 922 3226 posse
943 3142 1052 3208 melius
1075 3143 1190 3210 fessam
1212 3143 1260 3208 tot
1283 3139 1381 3206 ruinis

136 3244 298 3310 civitatem
320 3245 484 3325 subleuari,
509 3266 603 3330 quarn
624 3247 653 3312 si
674 3246 786 3332 religio
805 3247 959 3312 catholica
981 3247 1206 3313 restitueretur.
1245 3247 1380 3312 Futuras

135 3348 292 3415 utilitates
312 3349 455 3433 opinione
474 3351 665 3435 praecipiens
689 3353 764 3418 Pius
784 3351 856 3418 VII.
885 3351 1033 3418 Decessor
1061 3353 1192 3430 Noster,
1224 3350 1380 3416 voluntati

136 3453 229 3536 primi
254 3453 397 3520 Consulis
426 3456 508 3521 ultro
536 3456 701 3522 obsecutus
733 3458 799 3536 est,
832 3449 984 3522 tacilitet'e
1017 3455 1272 3542 indulgentiaque
1305 3473 1380 3520 usus

137 3557 242 3637 tanta,
274 3559 390 3640 quanta
409 3559 544 3625 maxime
573 3579 628 3643 per
657 3560 792 3626 cilicium
816 3560 915 3628 licuit.
939 3597 982 3608 -
1005 3561 1092 3626 Tunc
1114 3561 1152 3626 de
1176 3559 1304 3626 summis
1327 3578 1379 3626 oa·

136 3660 255 3744 pitibus
276 3681 345 3727 oum
368 3663 577 3741 convenisset,
600 3663 803 3730 fundamenta
826 3665 927 3749 posita
949 3667 1022 3731 sunt
1045 3667 1209 3750 tutumque
1228 3665 1288 3730 iter
1310 3683 1378 3728 mu-

137 3765 239 3844 nitum
261 3767 463 3832 restituendis
485 3787 524 3833 ac
545 3769 660 3832 sensim
675 3769 870 3834 stabiliendis
885 3770 976 3835 rebus
991 3770 1144 3854 religiosis
1163 3755 1376 3854 opportunum.

136 3870 179 3934 lit
199 3888 306 3936 rerera
324 3871 414 3954 plura
432 3890 468 3937 eo
489 3872 628 3956 tempore
647 3892 683 3937 ac
705 3873 872 3956 posteriore
896 3874 999 3958 aetate
1014 3874 1159 3956 prudenti
1174 3874 1291 3957 judicio
1307 3891 1377 3942 con-

136 3973 250 4040 stituta
271 3977 363 4055 sunt,
391 3995 472 4058 quae
494 3975 535 4042 ad
556 3975 805 4044 incolumitatem
826 3979 857 4042 et
880 3977 973 4044 decus
997 3977 1134 4043 Ecclesia
1157 3980 1310 4062 pertinere
1332 3979 1378 4044 ri-

136 4071 316 4148 debantur(
344 4083 537 4167 Permagnae
556 4081 667 4148 exinde
690 4085 851 4167 perceptae
872 4083 1035 4161 utilitates,
1056 4085 1145 4149 tanto
1168 4084 1264 4167 pluris
1284 4082 1377 4148 aesti-

137 4184 277 4265 mandae,
299 4186 415 4269 quanto
438 4187 565 4271 grarim
587 4187 621 4251 in
643 4186 747 4253 Gallia
770 4187 873 4254 omnia
896 4206 983 4253 sacra
999 4191 1101 4254 essent
1117 4190 1209 4254 antea
1224 4187 1377 4271 prostrata

136 4290 168 4354 et
187 4289 315 4357 afflicta.
359 4290 493 4356 Publica
515 4291 671 4376 dignitate
693 4291 837 4377 religioni
861 4291 990 4370 redditu,
1013 4292 1105 4374 plane
1127 4290 1273 4358 instituta
1296 4290 1376 4358 chri-

136 4391 242 4458 stiana
262 4394 414 4460 rerirere:
449 4394 503 4460 sed
536 4395 654 4460 mirum
685 4398 803 4481 quanta
838 4414 872 4461 ex
904 4395 961 4464 hoc
983 4395 1066 4461 lecto
1088 4397 1121 4461 in
1142 4395 1376 4480 prosperitatem

138 4495 260 4562 ciuilem
282 4497 362 4564 bona
383 4498 551 4565 redierunt.
580 4499 706 4566 naemei
727 4520 762 4568 er
785 4499 1063 4569 turbulentissimis
1084 4499 1230 4566 fluctibus
1254 4499 1374 4566 virdun
