3050 4859
300 206 390 261 Gard.
409 206 548 281 Arcbdep.
567 204 665 259 Coloe.
684 205 777 258 lacsir.
795 219 855 273 pro
874 204 1228 263 Viae-Archi·Diacorcis.
1320 185 1384 250 235

143 399 213 447 suos
236 379 422 457 auctoritas,
450 378 505 441 sed
528 378 559 442 et
582 376 753 459 expeditius
780 375 951 458 operandae
974 376 1225 443 Districtualium
1246 378 1385 445 fidelium

143 485 255 551 salutis
278 483 422 551 facultas.
446 518 489 531 -—
511 480 612 563 Quare
634 480 844 564 praesentium
867 480 972 547 tenore
994 481 1165 564 elargimur
1179 483 1243 548 illis
1259 483 1384 569 delega-

147 592 196 655 tas
218 589 394 653 lacultates.
1245 645 1249 649 A
1282 610 1285 612 “

249 691 280 776 1)
305 692 413 755 Vestes
445 691 476 754 et
510 690 692 771 paramenta
727 687 765 753 ad
800 706 889 753 usum
924 688 1137 756 ministrorum
1165 690 1320 757 Ecclesiae
1354 694 1386 758 et

145 797 262 861 Altaria
285 794 473 871 necessaria,
497 793 673 859 unctionem
694 810 754 862 non
776 792 965 875 requirentia
987 794 1206 872 benedicendi,
1231 796 1304 859 solis
1326 797 1387 884 Εε-Ι

145 900 255 977 elesiis,
280 897 408 964 Sacellis
430 898 462 962 et
482 896 644 989 Oratoriis,
669 895 819 961 Crucibus
842 897 874 961 ct
896 894 1016 962 Statuis
1032 898 1176 981 exceptis,
1200 917 1255 981 pro
1275 900 1386 982 quibus

145 1004 191 1067 uti
213 1002 382 1086 erigendis,
414 1002 460 1066 ita
487 1000 703 1066 benedicendis
732 1000 861 1066 licentia
888 999 921 1066 in
951 1001 1059 1084 quovis
1081 1013 1156 1067 casu
1178 1002 1315 1068 aNobis
1336 1003 1385 1069 vel

142 1106 268 1171 wVicario
290 1105 406 1171 Nostro
428 1104 602 1188 specialiter
626 1102 796 1187 expetenda
818 1104 897 1180 crit3
1030 1137 1032 1140 ·

247 1210 280 1293 2)
304 1197 493 1274 Absolvendi
515 1208 597 1275 intra
620 1208 856 1273 sacramentalis
877 1207 1082 1277 Gontessionia
1103 1212 1208 1275 actum
1224 1229 1242 1275 a
1256 1210 1384 1293 quibus-

144 1314 190 1380 vis
210 1302 331 1379 ccsibus
351 1313 449 1379 Nobis
472 1312 637 1377 reservatis
657 1314 749 1394 prout
764 1312 860 1377 etiam
877 1313 1027 1378 amissum
1040 1312 1092 1395 jus
1105 1314 1231 1396 petendi
1246 1313 1386 1381 debitum

144 1416 306 1501 conjugale
327 1418 523 1483 Auctoritate
545 1416 732 1506 Apostolico
745 1416 950 1499 'subdelegato
974 1417 1005 1481 vi
1027 1417 1221 1483 Facultatem
1243 1418 1342 1483 Nobis
1363 1438 1386 1483 a

144 1521 271 1587 Summo
286 1520 436 1587 Pontifice
452 1520 666 1603 delegatorum
687 1520 881 1599 restituendi,
905 1520 979 1604 quin
995 1523 1104 1603 tamen
1115 1520 1387 1587 facultateshascc

144 1626 214 1690 aliis
236 1625 469 1708 quibuscunque
493 1623 686 1707 Presbyteris
707 1623 909 1707 subdelegarc
934 1625 1079 1707 possint?

225 1730 281 1813 ,3)
309 1728 346 1793 ln
366 1747 471 1794 casum
493 1727 601 1793 mortis
624 1727 776 1805 Perochi,
800 1728 855 1792 aut
876 1727 904 1791 si
923 1728 1075 1812 quispiam
1097 1721 1288 1793 curatorum
1305 1728 1388 1812 ojus·

145 1832 227 1899 modi
254 1833 458 1915 corriperetur
480 1832 608 1909 morbo,
632 1831 685 1917 qui
706 1831 807 1913 ipsum
831 1834 918 1897 extra
939 1833 1057 1897 statum
1080 1832 1264 1911 collocaret,
1293 1832 1385 1915 adju·

145 1936 259 2003 terium
274 1938 306 2001 et
321 1936 537 2003 subsidiariam
558 1954 680 2019 operam
704 1935 878 2027 cujuspiam
901 1934 1085 2014 Sacerdotis,
1105 1936 1156 2001 cui
1178 1936 1385 2019 parochialem

145 2060 232 2105 suam
255 2039 511 2106 Jurisdictionem
534 2040 702 2123 delegaret,
727 2039 905 2122 expetendi3
928 2040 1080 2123 ejusmodi
1094 2040 1305 2106 interimalem
1322 2039 1386 2104 Ad-

146 2144 468 2228 ministratoremqui
485 2163 543 2209 uon
557 2147 681 2209 tantum
699 2144 827 2209 cunctas
845 2143 885 2209 ad
903 2163 1009 2209 curam
1025 2144 1202 2209 animarum
1211 2145 1387 2227 spectantes

145 2248 317 2313 functiones
339 2266 496 2333 peragere,
517 2247 570 2313 sed
594 2249 626 2313 et
649 2248 853 2315 matrimoniis
876 2248 1016 2331 legitimo
1031 2249 1176 2315 assistere
1197 2248 1301 2315 valcat
1315 2266 1388 2313 oon·

144 2351 303 2432 st‘tuendi,
328 2352 385 2417 sub
408 2352 597 2435 obligations
617 2352 749 2417 indilate
766 2352 969 2435 praestandae
992 2351 1103 2420 Officio
1126 2353 1314 2418 Dicecesano
1332 2369 1386 2434 per

145 2454 267 2544 eosdem
286 2456 323 2521 de
346 2456 468 2539 singulo
489 2455 674 2539 provisoriae
693 2455 768 2520 talis
788 2455 1020 2522 substitutionis
1043 2474 1116 2524 casu
1135 2456 1304 2521 relationis.

249 2559 276 2643 ἕ.
298 2560 351 2626 46.
394 2558 471 2624 (lum
499 2578 590 2642 porro
611 2559 853 2624 Archi-Diaconi
879 2560 918 2625 ob
941 2547 1077 2625 locorum
1098 2559 1264 2628 intervalla
1287 2561 1328 2624 et
1341 2558 1388 2625 oi-

144 2663 233 2741 ficia,
257 2662 367 2745 quibus
390 2662 698 2745 peravarum.
722 2660 901 2745 Capitulum
923 2662 1129 2742 distineatur,
1156 2662 1387 2729 neonominatos

145 2767 299 2833 Parachos
327 2767 360 2831 in
389 2767 537 2833 beneficia
566 2786 624 2832 sua
652 2768 762 2834 curata
795 2786 857 2831 non
886 2786 1006 2851 semper
1034 2768 1152 2852 possint
1185 2767 1388 2850 personaliter

145 2871 291 2937 canonice
314 2871 523 2936 introducere:
550 2870 622 2936 lrinc
644 2871 914 2951 V.-A.-Diaconis,
937 2873 1051 2955 quibus
1073 2872 1154 2939 vices
1175 2890 1248 2936 suas
1270 2870 1387 2954 passim

145 2976 245 3041 solent
271 2975 423 3059 delegare,
457 2975 620 3058 sequentia
652 2976 776 3041 venient
805 2975 887 3041 circa
915 2975 1101 3042 Canonicam
1124 2975 1388 3041 Introductionem

145 3079 347 3145 observanda.

249 3184 278 3267 ἕ.
301 3183 354 3249 47.
389 3182 467 3247 Cum
490 3183 521 3249 vi
543 3184 733 3250 statutorum
755 3184 849 3268 hujus
874 3184 1170 3251 Archi-Diceceseos
1196 3181 1387 3249 Investitura

147 3287 216 3369 post
238 3286 384 3351 effluxum
407 3286 537 3352 duorum
561 3288 713 3355 meusium
737 3288 875 3372 vigorem
898 3288 1044 3366 amittat,
1074 3287 1141 3353 dies
1167 3286 1389 3353 installationis

147 3391 192 3454 sic
215 3391 275 3455 erit
297 3390 541 3469 admaturanda,
570 3395 606 3456 ut
634 3392 694 3457 nisi
716 3412 770 3475 per
793 3392 1055 3476 dispensationem
1077 3390 1165 3476 vigor
1186 3391 1389 3457 investiturae

147 3493 186 3557 ad
210 3495 327 3559 certam
349 3494 430 3558 diem
447 3497 630 3579 prorogatus
646 3495 766 3574 fuisset,
790 3497 862 3561 ante
877 3496 1114 3580 exspirationem
1133 3494 1271 3580 ejusdcm
1286 3494 1389 3560 locum

149 3597 261 3663 habeat
282 3598 428 3663 canonica
455 3598 632 3663 beneficiati
655 3599 689 3663 in
711 3598 872 3665 Curatiam
895 3620 984 3665 suam
1006 3600 1205 3667 introductio.
1245 3599 1247 3602 ’

192 3763 194 3773 ,
250 3702 277 3786 5.
301 3703 352 3769 48.
388 3702 604 3785 Resigrrationi
623 3722 726 3769 rerum
746 3704 902 3769 llcclcsiae
928 3706 960 3771 et
990 3705 1179 3784 Paroclriao,
1210 3721 1303 3787 penes
1333 3702 1387 3767 In-

147 3806 287 3873 ventaria
309 3809 374 3871 tam
394 3808 464 3890 post
487 3806 553 3872 fata
575 3806 685 3890 prioris
709 3808 816 3875 Cureti
836 3808 1102 3888 administratori,
1126 3825 1219 3892 quam
1241 3808 1311 3891 post
1327 3805 1386 3872 col·

146 3912 246 3975 latum
268 3910 456 3978 Beneficium
481 3930 557 3977 novo
576 3911 696 3979 cnuto
718 3912 879 3977 faciendae
901 3913 1005 3979 debite
1020 3912 1257 3997 superinspiciat
1273 3910 1385 3979 V.·A.·

148 4014 312 4092 Diaconus,
336 4014 543 4099 coniectisque
565 4035 658 4098 super
681 4018 754 4082 actu
768 4017 990 4101 resignationis
1004 4017 1225 4083 Instrumentis
1240 4033 1319 4103 quae
1334 4031 1389 4078 suo

148 4119 180 4182 eb
202 4118 272 4183 novi
304 4117 412 4185 Curati
442 4117 648 4203 chirographo
676 4138 713 4184 ac
746 4120 852 4203 sigillo
886 4122 1082 4200 muniantur,
1114 4120 1171 4185 illa
1206 4120 1238 4183 in
1272 4116 1388 4199 duplici
1431 4202 1434 4207 ,

147 4220 316 4303 exemplari
348 4224 436 4290 curet
469 4223 622 4288 exaranda
647 4225 684 4289 et
719 4242 775 4306 pro
807 4225 958 4293 recisione
992 4225 1032 4291 ad
1070 4223 1216 4290 Officium
1250 4222 1389 4287 Diceces.

148 4325 338 4407 transponat.
384 4323 417 4390 Si
440 4326 513 4409 quid
536 4344 606 4391 vero
629 4346 646 4393 e
668 4327 760 4393 robus
785 4328 940 4395 Ecclesiae
963 4331 1020 4395 aut
1044 4328 1212 4395 Parochiae
1235 4326 1334 4391 relate
1348 4324 1390 4389 ad

148 4428 233 4512 prius
254 4428 466 4495 inventarium
481 4430 597 4509 deesse,
619 4432 675 4496 aut
693 4431 726 4497 in
741 4432 930 4514 tenatorum,
950 4436 1026 4516 puta
1040 4449 1196 4516 agrorum,
1222 4431 1390 4514 pratorum,

150 4534 316 4616 vincarum,
340 4551 400 4601 non
419 4552 506 4604 secus
529 4535 690 4603 hortorum
712 4536 925 4617 cultivatinno,
955 4538 1006 4604 vel
1028 4534 1241 4603 devastatione
1263 4534 1391 4601 Succes-
