3050 4859
477 186 676 243 Gener.
698 188 810 243 111.
839 189 925 244 De
948 172 1121 245 cultae.
1138 194 1262 247 div.
1305 189 1450 261 Gap.
1471 193 1524 246 4.
1551 192 1640 248 De
1663 193 1954 263 exequiis,
1978 192 2252 261 funerib.
2268 197 2324 248 er
2344 209 2524 249 susm.
2653 177 2729 241 71

389 364 399 399 ·’
448 361 572 428 XI.
643 362 991 447 Sepulturis
1035 363 1761 448 et·Coemeteriis,'quae
1807 363 1994 449 vulgo
2040 362 2263 448 Campi
2304 365 2528 433 Sancti
2572 365 2737 429 susi—

259 466 485 545 tantur,
533 466 835 547 volumus,
884 469 956 533 ut
1001 470 1267 534 maxima
1292 469 1637 558 reverentia
1682 468 2074 537 adhibeatur.
2124 469 2424 551 Quocirca
2460 473 2729 533 sanstis-

255 569 436 634 nibns
475 570 908 637 ecclesiasticis
951 572 1329 653 insistenteS,
1372 571 1785 658 praecipimus
1830 574 1902 638 ut
1941 573 2150 639 omnia
2181 575 2244 640 et
2300 573 2548 657 singula
2580 573 2733 641 Cus-

255 675 512 739 meteria
555 674 825 742 Nostrae
849 676 1357 743 Archidioecesis
1398 676 1594 742 muris
1625 676 2195 761 circumsepiantur,
2228 696 2556 761 eorumque
2600 677 2730 741 sdi-

253 780 349 843 tus
375 778 669 844 cancellis
699 780 1198 864 praecludentnr,
1246 796 1323 847 ne
1366 782 1698 865 impiorum
1738 781 2076 847 hominum
2101 782 2364 866 flagitiis
2424 785 2532 845 sut
2592 801 2729 865 pru-

255 881 418 974 fanis·
454 884 857 950 conventibus
898 886 1203 969 pecorisve
1244 887 1449 970 pastui
1494 888 1776 970 pateant;
1822 887 2105 951 sordibus
2135 887 2488 971 frequenter
2520 905 2737 969 expur-

254 988 492 1069 gentur,
541 991 995 1055 succrescentes
1043 1008 1182 1057 vero
1230 991 1460 1057 herbae·
1498 990 1659 1056 falce
1716 990 1947 1056 recisae
1989 990 2217 1055 ibidem
2260 993 2733 1065 cumburuntum

252 1108 381 1154 ossa
426 1091 864 1159 defunctorum
907 1093 1267 1161 cautissime
1309 1095 1773 1174 custodiantur,
1801 1114 1895 1159 ·ne
1939 1113 2047 1178 per
2092 1113 2396 1161 summam
2444 1097 2733 1177 impieta-

251 1194 378 1258 tem·
416 1196 856 1280 surripiantur.
939 1199 1195 1285 Insuper
1238 1200 1299 1265 in
1349 1199 1570 1266 mediis
1616 1198 2015 1265 Coemeteriis
2059 1200 2332 1265 eminens
2380 1221 2524 1265 urus
2568 1201 2737 1265 ext-st

252 1300 607 1383 conepieua,
670 1306 734 1368 et
793 1289 1066 1389 singulis
1114 1304 1461 1385 scrobibus,
1522 1303 1632 1368 nbi
1673 1304 1975 1369 cadavera
2018 1302 2278 1369 humata
2324 1305 2488 1383 suut,
2544 1321 2733 1385 parus

252 1401 397 1468 crux
451 1391 911 1489 superponatur
948 1424 1062 1474 nec·
1105 1428 1287 1493 super
1332 1425 1433 1475 eos
1479 1408 1767 1491 cuiquam
1824 1410 1918 1472 las
1963 1407 2047 1471 sit
2092 1407 2376 1473 transire.
2468 1409 2731 1473 Demuiu

252 1509 573 1574 extruetur
614 1508 950 1591 Sacellum,
995 1514 1060 1577 in
1106 1519 1224 1595 quo
1269 1531 1376 1597 pro
1411 1513 1838 1579 defunctorum
1871 1510 2194 1577 animabus
2220 1513 2285 1576 et
2316 1530 2524 1597 preses
2556 1509 2733 1573 fundi

249 1613 510 1695 possint,r
543 1618 608 1679 et
638 1615 866 1682 Missae
897 1616 1214 1683 celebrari.

312 1738 321 1760 ··
397 1729 402 1737 “
447 1718 595 1783 ΧΠ.
622 1718 894 1800 ’8εῑεθΠα,
941 1724 1008 1787 in
1047 1715 1271 1807 quibus
1299 1720 1688 1788 Sacrificium
1719 1720 1948 1787 Missae
1983 1721 2281 1788 celebrari
2312 1721 2524 1805 pessit,
2556 1721 2733 1805 justa.

251 1812 768 1890 Con'stitutionem
816 1825 876 1892 S.
923 1826 1025 1891 Pii
1073 1826 1143 1893 V.
1193 1826 1350 1894 Cum
1392 1828 1710 1911 primum,
1756 1823 2033 1910 aliasque
2098 1825 2492 1910 Apostslisss
2556 1825 2729 1889 Sedis

249 1927 600 1993 sanctiones
645 1928 957 2015 (Videatis
1003 1929 1265 1997 Decreta
1304 1931 1499 1996 citata
1545 1930 1610 1995 in
1646 1931 2025 1996 Documento
2048 1933 2248 2015 posito
2278 1930 2340 1993 in
2376 1933 2733 2013 Appendiss

247 2028 432 2098 Num.
481 2032 625 2117 IX.)
653 2032 716 2098 in
750 2033 1144 2100 Ooemeteriis
1191 2027 1528 2102 extruenda
1572 2036 1735 2101 sunt.
1782 2034 2148 2105 Mandemus
2193 2038 2400 2101 tamen
2448 2037 2512 2101 st
2556 2053 2733 2117 prs-s-

247 2135 524 2218 cipimus,
574 2139 643 2201 ut
695 2140 934 2228 nullum
998 2139 1307 2206 Sacellum
1375 2141 1438 2205 in
1492 2138 1643 2224 ipsis
1708 2137 2106 2205 Coemeteriis
2166 2141 2552 2217 exstruatur,
2612 2141 2729 2205 uisi

247 2240 409 2321 prius
449 2240 712 2307 licentia
755 2264 793 2309 a
831 2241 1064 2310 Nostra
1105 2244 1292 2311 Curia
1338 2242 1864 2329 Archiepiscopali
1907 2243 1973 2308 in
2014 2237 2264 2329 scriptis
2324 2245 2576 2309 ubtsuts.
2624 2245 2725 2325 sit,

247 2363 400 2426 quae
449 2339 1236 2428 nullatenus-concedetur,
1279 2349 1400 2414 nisi
1440 2367 1651 2415 omnes
1698 2350 1761 2414 et
1808 2349 2089 2433 singulae
2131 2349 2644 2433 praescffiptisnss
2697 2369 2729 2413 s

248 2448 435 2514 Nobis
462 2449 578 2515 ·vel
620 2450 1201 2519 Praedecessoribus
1247 2449 1490 2519 Nostris
1537 2473 1644 2538 per
1686 2452 1981 2519 Sanctam
2028 2453 2464 2521 Visitatiuusm
2504 2453 2729 2525 editas.

246 2571 393 2634 quas
453 2552 524 2619 in
585 2555 939 2639 Appendice
1007 2573 1173 2624 num.
1237 2556 1328 2622 IX
1384 2559 1608 2642 apponi
1663 2559 2031 2638 curavimus,
2096 2557 2476 2623 adamussim
2524 2557 2725 2621 obser*

246 2657 482 2725 ventur.
2023 2667 2027 2672 ’

276 2768 280 2771 ’
339 2801 344 2805 -
445 2762 628 2828 XIII.
678 2763 1086 2831 Interdictum
1133 2766 1228 2830 est
1260 2764 1520 2832 Missam
1567 2764 1873 2831 celebrare
1914 2783 2096 2849 super
2127 2765 2496 2851 hypogeum,
2532 2765 2725 2849 quud-

246 2885 503 2951 cumque
547 2868 631 2932 sit
676 2869 1072 2936 intervallum
1122 2888 1159 2935 a
1204 2869 1482 2950 LoculiS,
1528 2871 1715 2955 vulgo
1762 2870 2189 2951 Giardinetti,
2260 2873 2480 2955 quibus
2540 2873 2729 2937 sads.-

245 2988 384 3035 vera
424 2972 822 3038 clauduntur.
2118 3004 2122 3010 ·

447 3075 620 3144 XIV.
712 3078 809 3143 Ne
853 3080 1062 3143 autem
1107 3078 1172 3143 in
1217 3071 1723 3163 inscriptionibus
1747 3132 1762 3159 ,
1809 3099 1964 3164 quae
2009 3078 2320 3162 lapidibus
2364 3081 2725 3161 sepulcrali-

247 3178 353 3243 bns
395 3180 838 3248 incidi-solent
883 3183 1118 3266 aliquid
1160 3183 1421 3249 fortasse
1466 3184 1737 3269 irrepat,
1786 3185 1948 3269 quod
1988 3184 2328 3250 christiane
2376 3189 2580 3249 sensui
2632 3205 2725 3249 rs-

245 3287 495 3368 pugnet,
547 3285 842 3366 volumus,
892 3287 964 3352 ut
1005 3288 1178 3352 nulla
1222 3288 1567 3372 inscriptio,
1612 3289 1784 3354 nulla
1827 3289 2136 3355 sententia
2184 3289 2516 3373 praedietis
2568 3289 2725 3373 lapi-

245 3386 420 3454 dibus
468 3390 798 3469 incidatur,
842 3391 1016 3474 cujus
1058 3392 1366 3475 exemplar
1413 3412 1449 3458 a
1491 3394 1724 3459 Nostro
1770 3392 2019 3459 Vicario
2065 3392 2352 3459 Generali
2400 3393 2568 3477 prius
2616 3413 2725 3477 ap-

246 3493 568 3573 probatum
616 3512 731 3560 non
778 3496 982 3561 fuerit.
1076 3515 1116 3531 ·’

442 3597 580 3665 XV.
670 3599 744 3665 In
793 3600 1049 3667 Sacellis
1114 3601 1189 3666 de
1247 3601 1514 3668 Nostrae
1570 3601 1792 3667 Curiae
1855 3602 2412 3686 Archiepiscopslis
2471 3605 2725 3665 lise-ntis.

248 3701 317 3765 et·
355 3702 793 3787 adprobatione
838 3703 1182 3771 aedificatis
1227 3705 1385 3770 nihil
1426 3707 1671 3771 omnino
1716 3706 2076 3787 innovetur,
2121 3705 2278 3772 nihil
2336 3709 2721 3785 immutetur,

249 3805 357 3870 nisi
401 3807 573 3891 prius
626 3810 703 3873 ad
747 3810 875 3877 Nos
899 3860 914 3890 ,
974 3812 1072 3876 vel
1117 3810 1428 3876 Vicarium
1474 3815 1751 3876 nostrum
1812 3810 2177 3877 Generalem
2241 3813 2576 3889 referatur,
2648 3813 2721 3874 ull:

250 3914 577 4003 opportune
623 3913 1033 3997 provideatur.
1123 3914 1189 3981 Si
1234 3934 1409 3980 secus
1449 3913 1593 3994 fiat,
1641 3916 1837 3981 altare
1900 3914 2032 3999 ipso
2092 3915 2258 3980 facto
2320 3917 2717 3981 interdistum

252 4013 648 4083 declaramus.

445 4121 612 4187 XVI.
706 4122 821 4188 Die
863 4123 1477 4190 commemorationis
1525 4123 1801 4189 omnium
1861 4124 2287 4190 defunctorum
2356 4127 2412 4189 in
2460 4125 2721 4189 Sassllis

255 4222 757 4293 coemeteriorum
821 4228 1088 4294 Nostrae
1148 4224 1635 4293 Archidioecesis
1701 4229 1775 4293 de
1833 4229 2089 4294 licentia
2132 4222 2213 4295 'et
2280 4229 2717 4313 adprobatiuns

253 4326 502 4395 Nostrae
543 4330 766 4397 Curiae
814 4332 1373 4416 Archiepiscopalis
1419 4333 1642 4397 erectis
1706 4332 2035 4417 plusquam
2083 4334 2237 4398 duas
2284 4333 2508 4397 Missas
2556 4333 2717 4397 sels-

251 4429 408 4499 bra‘ri
456 4434 880 4519 prohibemus;
925 4456 1306 4522 quocumque
1337 4456 1478 4503 vero
1520 4439 1863 4519 praetextu,
1908 4438 2009 4504 vel
2041 4455 2226 4502 causa
2255 4438 2372 4501 hus
2412 4441 2713 4501 Nustruru

253 4540 683 4627 praescriptum
705 4540 1056 4623 violabitur,
1087 4543 1283 4609 altare
1314 4542 1508 4627 ipsius
1542 4540 1769 4608 Sacelli
1806 4539 1973 4606 illico
2006 4538 2332 4606 interdictu
2376 4541 2709 4625 subjsssst.
