3050 4859
173 120 237 186 232
330 139 420 197 θανά.
441 142 579 213 Arabicp.
600 144 699 201 Gelos.
718 147 811 201 lustr.
828 162 887 215 pro
908 145 1258 203 Vtra-Arcbt·Dtaconis.

163 309 276 394 Uopat
296 312 330 377 V.
357 312 408 379 De
431 316 482 394 iis,
504 336 583 398 quoe
603 316 996 412 Viae-Arcbt-Dieeonum
1018 318 1062 386 od
1080 339 1189 384 casum
1204 317 1418 401 infirmitatis,

378 424 434 487 ant
455 420 555 485 obitus
578 419 799 488 Districtunlis
821 422 951 487 Fratris
971 444 1063 506 apere
1085 428 1212 503 oportet.

276 539 306 623 ἓ.
329 540 379 605 34.
408 539 782 620 Vico-Archi-Diaconus,
803 542 856 608 ubi
874 543 994 609 Fratris
1009 543 1181 627 cujuspiam
1198 540 1419 608 Dlstrictualis

172 635 343 723 periculosa
366 644 531 709 infirmitas
555 646 612 729 ipsi
636 648 825 712 annunciata
845 647 955 727 luerit,
989 648 1017 711 si
1046 646 1193 731 temporis
1217 648 1251 711 st
1277 645 1418 711 locorum
1473 626 1481 651 ⁴

173 746 253 811 ratio
276 747 453 825 admiserit,
484 768 553 814 mox
582 750 738 815 infirmum
769 750 912 817 visitabit
938 754 970 817 et
1000 751 1038 817 ad
1063 750 1288 835 disponendum
1309 749 1419 814 domui

173 866 247 914 suae
268 850 301 915 in
323 852 538 933 spiritualibus
561 872 656 938 aeque
683 874 718 919 ac
748 855 970 938 temporalibus
1000 855 1214 939 persuadebit;
1247 856 1316 919 tum
1344 872 1419 919 vero

172 953 212 1019 de
234 954 396 1037 supplente
420 955 518 1022 eidem
541 958 728 1040 providebit,
751 960 933 1039 curaturus,
964 961 1001 1024 nt
1027 960 1077 1024 vel
1107 958 1292 1041 Coeperator
1320 958 1420 1024 vicini

174 1058 305 1125 Paroohi
327 1059 380 1142 qui
402 1059 676 1145 isthoc-tantisper
698 1082 802 1129 carere
824 1065 944 1146 potest,
975 1064 1025 1130 vel
1058 1063 1235 1147 Religiosus
1266 1082 1283 1127 e
1313 1061 1419 1128 vicino

174 1161 369 1242 Monasterio,
394 1164 509 1231 infirmi
532 1166 614 1231 vices
630 1168 662 1231 in
677 1168 891 1250 spiritualibus
906 1168 1114 1252 suppleturus,
1135 1186 1299 1250 rerumque
1318 1165 1419 1231 etiam

174 1267 389 1349 temporalium
412 1268 528 1334 infirmi
548 1288 653 1336 curam
677 1271 852 1348 babitums,
874 1272 914 1337 ad
937 1255 1122 1337 Parocbiam
1145 1272 1240 1337 talem
1263 1272 1418 1337 transeat.

277 1372 304 1455 ἕ.
329 1372 380 1436 35.
415 1371 531 1439 ldadem
563 1374 720 1440 occasione
754 1376 956 1441 reflectendus
989 1377 1049 1440 erit
1080 1376 1207 1459 gravius
1228 1375 1419 1440 decumbens

174 1475 213 1539 ad
235 1476 395 1559 sequentia
417 1498 536 1561 quoque
559 1481 800 1545 intentamente
824 1500 879 1545 suo
902 1480 1105 1564 attingenda:
1138 1480 1192 1545 l-o
1217 1480 1327 1545 Utrum
1354 1478 1419 1543 ali·

172 1598 264 1661 quam
294 1581 410 1646 avitam
437 1582 661 1662 substantiam,
692 1602 770 1667 quae
806 1585 947 1668 cognatis
980 1584 1131 1668 resignari
1159 1583 1299 1660 deberet,
1330 1581 1419 1647 inter

171 1684 332 1749 realitates
355 1704 425 1751 suas
445 1687 619 1768 possideat,
647 1689 680 1753 ot
703 1688 742 1753 ad
775 1690 924 1772 quantam
952 1690 1027 1754 baec
1050 1707 1203 1753 summam
1225 1688 1341 1753 incirca
1362 1706 1419 1751 ex-
1514 1722 1516 1728 ·

172 1790 338 1871 surgeret?
368 1792 421 1854 21
445 1790 556 1855 Utrum
580 1791 715 1857 familiae
738 1791 926 1858 domesticae
949 1811 985 1856 ac
1006 1791 1207 1856 servitoribus
1226 1791 1290 1855 suis
1313 1789 1419 1873 stipu-
1514 1820 1516 1854 ;

172 1891 270 1957 latam
293 1892 464 1957 mercedem
487 1912 587 1959 annue
608 1896 666 1960 rite
686 1896 823 1972 dederit;
848 1897 903 1961 aut
923 1896 996 1960 forti
1014 1896 1047 1959 hi
1068 1896 1169 1979 justas
1187 1894 1308 1977 aliquas
1324 1912 1419 1976 prae-

172 1995 344 2073 tensiones,
371 1999 404 2061 et
425 1998 457 2061 in
480 1999 580 2081 speeie
603 2000 711 2082 quales
731 1999 771 2063 ad
791 2019 926 2064 massam
950 2000 1086 2082 ejusdem
1110 2000 1243 2063 formare
1264 2000 1419 2081 possent?

84 2114 86 2117 ·
172 2101 227 2164 3-1
249 2099 298 2163 An
322 2100 440 2165 medico
462 2102 510 2167 vel
532 2102 677 2187 chirurgo
707 2104 773 2186 jam
808 2103 942 2187 aliquam
978 2103 1150 2169 mercedem
1183 2102 1348 2180 tribuerit,
1381 2104 1420 2167 et

171 2204 320 2287 quantum
344 2204 453 2269 iisdem
477 2206 577 2273 adhue
598 2205 732 2277 dandum
753 2207 898 2291 judicet?
928 2210 1034 2271 utrum
1065 2207 1334 2289 pharmacopolam
1358 2226 1417 2271 ex-

171 2306 322 2373 solverit?
366 2310 424 2375 eo
451 2313 581 2375 Annon
609 2309 723 2376 habeat
748 2310 830 2394 apud
859 2330 892 2376 se
922 2311 1080 2393 depositas
1106 2310 1327 2393 orphanorum,
1358 2312 1420 2376 aut

172 2414 374 2495 cognatorum
396 2414 555 2496 pecunias,
578 2416 626 2479 vel
648 2416 788 2481 literaria
809 2416 1018 2481 instrumenta
1040 2436 1094 2499 pro
1115 2413 1257 2480 custodia
1277 2414 1336 2479 sibi
1360 2433 1419 2479 ne·

171 2516 232 2580 fors
257 2517 438 2601 resignata?
467 2538 542 2602 quos
573 2520 648 2584 baec
670 2520 836 2603 respiciant
866 2523 898 2586 et
920 2540 980 2602 quo
1002 2520 1095 2604 jure?
1140 2520 1194 2583 5·o
1216 2518 1300 2583 Num
1321 2537 1419 2583 onera

172 2620 295 2702 passiva
315 2623 347 2686 et
369 2625 486 2705 quanta
508 2624 641 2689 babeat?
667 2625 792 2708 quinam
816 2624 880 2689 sint
895 2624 1031 2707 ejusdem
1052 2623 1244 2688 creditores?
1266 2621 1419 2686 611111-

172 2742 251 2788 nam·
268 2728 427 2794 conservet
448 2728 475 2791 si
503 2746 579 2809 quas
602 2728 736 2810 possidet
760 2728 993 2812 obligatoriales
1012 2728 1113 2793 active
1136 2746 1168 2792 se
1192 2726 1418 2809 respicientes?

172 2830 203 2893 et
225 2848 298 2893 num
322 2829 475 2895 debitores
498 2849 632 2895 annuum
657 2850 783 2908 censum
806 2832 953 2896 adcurate
975 2832 1196 2915 persolverint,
1219 2830 1268 2895 vel
1292 2830 1357 2907 bis,
1379 2832 1417 2894 et

171 2951 225 3015 pro
247 2935 362 3015 quanto
384 2936 520 3017 ternpore
542 2936 684 3000 restent?
725 2936 778 3000 7-o
804 2936 913 2999 Utrum
938 2938 969 3001 et
992 2937 1143 3019 quantum
1165 2934 1314 3000 Institnto
1337 2932 1416 2999 Sur-

171 3036 384 3115 domutorum,
416 3038 600 3117 (loeoorum,
630 3037 787 3123 Gyrgato,
812 3038 925 3104 Cassae
948 3039 1166 3104 Deficientinm
1189 3040 1221 3103 et
1240 3037 1415 3103 Seminario

171 3141 220 3205 vel
240 3142 408 3207 Parocbiae
431 3144 602 3226 profundo
625 3144 795 3222 instructo,
819 3144 912 3208 titulo
935 3143 1123 3211 charitativo
1143 3144 1175 3208 et
1198 3140 1415 3208 Olfioiositatis

172 3245 246 3327 (lut.
264 3244 322 3310 ddo
339 3246 432 3310 l3·ae
447 3246 470 3312 J
472 3247 527 3311 ulii
546 3248 637 3313 1802.
656 3247 721 3311 Nro
739 3246 880 3335 lapse.)
898 3246 1098 3312 ¹Testamenti
1119 3248 1225 3328 legare
1247 3243 1415 3310 intendat?

170 3346 254 3428 Quas
285 3350 409 3432 quidem
440 3351 578 3415 cautelas
601 3352 632 3416 in
656 3351 845 3416 coniectione
868 3351 1138 3415 Testameutorum
1161 3348 1333 3433 generatim
1355 3349 1413 3413 ob·

171 3453 337 3519 servandas
352 3454 412 3519 fine
428 3456 718 3537 praecavendarnm,
737 3474 818 3538 quae
837 3456 952 3538 passim
975 3457 1082 3519 contra
1098 3454 1235 3519 Massam
1251 3453 1414 3517 detuncto-

170 3576 238 3621 rum
263 3556 428 3623 Ourionum
451 3559 605 3625 obmoveri
628 3559 737 3635 solent,
757 3559 1005 3641 praetensionum
1028 3558 1197 3641 impensius
1214 3556 1411 3622 commenda-

170 3678 239 3727 mus
261 3661 403 3727 omnibus
425 3662 462 3728 de
485 3662 661 3727 substantia
680 3680 737 3727 sua
759 3663 873 3727 ultima
896 3663 1055 3727 voluntate
1077 3661 1283 3744 disposituris.

273 3765 302 3849 ξ.
324 3766 376 3830 36.
418 3766 636 3833 Solemuitates
659 3767 800 3831 externas
823 3766 862 3830 ad
885 3766 1021 3830 valorem
1041 3766 1221 3831 testamenti
1245 3764 1412 3847 requisitas

169 3870 219 3933 lex
241 3868 351 3934 XVI-a
374 3889 453 3936 anno
481 3871 571 3936 1876,
594 3870 661 3935 lata
682 3870 862 3953 praescribit
886 3869 1154 3952 insequentibus:

275 3975 329 4040 l·o
352 3974 433 4039 Dum
456 3976 679 4040 testamentum
702 3992 756 4056 per
778 3973 959 4037 testatorem
990 3973 1115 4056 propria
1143 3992 1236 4039 mauu
1263 3971 1410 4037 scribitur

170 4080 202 4145 et
214 4078 431 4144 subscribitur:
451 4079 511 4144 dno
526 4078 689 4143 dumtaxat
704 4078 800 4141 testes
815 4075 1028 4158 requiruntur;
1048 4096 1137 4142 secus
1152 4079 1293 4159 quatuor.
1309 4077 1409 4160 (9.1.)

188 4180 195 4187 ’
274 4184 331 4247 2·o
355 4182 507 4267 Requisiti
529 4183 624 4247 111111
647 4180 741 4245 simul
763 4181 940 4262 praesentes
963 4182 1145 4247 testatorem
1169 4181 1273 4247 videre
1296 4199 1332 4245 ac
1353 4200 1410 4245 au·

171 4285 236 4351 dire
259 4288 291 4351 et
313 4288 381 4351 tum
404 4288 591 4351 testamento
614 4285 708 4349 simul
730 4284 906 4348 subscibere
928 4283 1050 4349 debent
1075 4284 1118 4367 (1.
1136 4287 1181 4365 3.)

273 4391 328 4455 3-1
351 4391 400 4457 nd
424 4390 558 4457 valorem
581 4388 769 4467 testamenti,
795 4387 875 4471 quod
895 4407 951 4470 per
969 4389 1151 4455 testatorem
1174 4426 1214 4436 -
1234 4406 1296 4453 non
1319 4387 1409 4453 adbi-
1514 4417 1516 4444 ε

171 4490 243 4556 bitis
266 4494 399 4561 testibus
420 4532 463 4545 ·-
484 4494 607 4579 propria
630 4512 723 4559 manu
746 4490 896 4576 scriptum
915 4493 948 4557 et
965 4492 1175 4575 subscriptum
1189 4493 1246 4572 est,
1271 4528 1310 4539 -—
1331 4492 1409 4557 item
