3050 4859
308 202 311 209 ·
360 182 473 252 Synod.
492 186 587 239 dioec.
605 183 780 265 Neo-Ebcr.
799 185 938 249 arasa:
958 186 1004 241 De
1023 191 1235 246 matrimonio.
1344 174 1408 239 259

158 408 181 419 ..
268 356 293 421 I.
334 354 435 419 Officii
468 355 514 424 sui
545 376 712 437 memores,
748 351 893 439 magnam
926 378 1034 441 curam
1066 359 1246 442 impendant
1277 362 1315 425 ad
1347 363 1407 427 rite

165 459 366 542 disponendos
389 459 494 539 11113133
517 461 570 543 qni
593 461 793 527 Matrimonio
814 462 909 549 jrrugi¹
929 463 1045 529 volunt.
1085 463 1279 528 admonendi
1302 466 1407 550 itaquo

165 563 391 646 nupturientes
410 582 447 627 ne
477 563 711 629 Matrimonium
740 565 847 629 ineant
871 565 929 629 nisi
953 566 1038 649 prius
1062 564 1276 633 Poenitentiae
1298 568 1405 635 Sacra·

165 669 303 741 mentum
324 668 521 753 receperintr
546 688 600 733 nec
630 688 662 759 se
693 672 818 759 peccato
852 669 1004 734 immunes
1032 670 1353 757 Sacerdotcs'puteut
1380 676 1406 739 si

154 772 307 855 ,indignos
330 773 461 848 scienter
483 768 656 841 admittant
677 774 714 839 ad
739 772 974 841 Sacramentum
1001 776 1147 841 vivorum.
1361 859 1364 864 ‚

268 876 307 953 11,
344 878 410 959 Quo
434 876 556 941 debitae
579 876 627 941 illi
650 878 879 959 praeparationi
895 863 1016 943 'melius
1040 878 1258 962 prospiciatur,
1290 871 1420 946 3311311

164 980 377 1063 praecipimus
383 1000 461 1064 quae
477 982 514 1047 de
532 982 699 1063 bannorum
719 982 1033 1065 proclamationea
984 986 1033 1047 sta
1034 984 1069 1048 tn
1070 984 1104 1048 ta
1126 985 1227 1048 sunt
1220 1004 1248 1048 m
1271 981 1407 1052 Concilio

166 1084 306 1149 Plenario
330 1086 412 1149 Balt.
437 1084 477 1150 lI.
502 1085 609 1170 (Num.
633 1086 817 1171 331,332)
853 1068 1406 1175 13313333133111331113331311-

162 1188 253 1271 pidia,
278 1170 461 1272 ubicumque
478 1190 574 1253 Missa
597 1189 728 1273 singulis
752 1191 922 1255 Dominicis
944 1192 1081 1271 offertur,
1105 1179 1406 1260 (1311331133331-13

162 1292 261 1357 tiones
284 1293 384 1358 tribus
407 1294 559 1359 continuis
583 1292 692 1359 diebus
712 1294 864 1360 festivis
857 1316 888 1361 m
911 1297 1042 1361 ecclesia
1062 1296 1129 1361 lieri
1152 1298 1318 1380 antequam
1337 1300 1405 1364 Ma·

162 1396 342 1485 trimonium
365 1398 576 1482 contrabatur.
631 1400 815 1487 Rectoribus
838 1400 943 1465 tamen
967 1400 999 1463 in
1021 1400 1284 1485 praedietislocis
1306 1402 1405 1470 lacul-

162 1504 260 1575 13133
285 1502 458 1581 tribuimus
490 1505 531 1590 ut
552 1504 591 1569 ab
622 1522 684 1567 333
714 1488 877 1583 3113111133
905 1504 1204 1597 proclamationibus
1228 1506 1405 1590 dispensare

149 1604 415 1691 ,1313333313νί
436 1607 600 1683 accedente
624 1626 733 1684 causa,
767 1626 961 1689 nequaquam
983 1628 1054 1674 vero
1078 1600 1295 1674 3131331133
1318 1612 1405 1677 1313

157 1708 262 1789 tribus
284 1729 420 1795 unquam
441 1710 626 1796 dispensent
662 1712 744 1777 Rure
768 1711 918 1790 autem,
911 1696 1239 1778 13133133113331331
1256 1714 1403 1781 celebrari

161 1814 209 1879 bis
232 1815 286 1880 131
303 1816 398 1881 semel
422 1816 576 1883 tantum
568 1837 600 1880 m
626 1836 727 1895 meuse
750 1820 805 1883 ant
828 1818 927 1881 rarius
950 1807 1117 1895 consuevit,
1141 1796 1324 1912 1131331133
1342 1838 1404 1882 una

160 1919 333 2001 bannorum
348 1920 567 2011 proclamatio.
640 1994 641 1999 ἵ

264 2023 323 2087 111.
356 2024 449 2088 Mat
409 2025 566 2103 trrmonia,
590 2024 690 2107 quoad
714 2023 781 2092 fieri
804 2025 929 2108 potest,
938 2044 996 2091 non
1020 1998 1166 2091 solnmrn
1183 1983 1402 2126 3311331333-

134 2126 517 2207 -113111,131313311331
542 2147 649 2205 manc,
682 2130 777 2213 atquc
802 2148 872 2193 curn
898 2129 1011 2194 Missae
1034 2130 1179 2194 celebrat
1157 2131 1240 2195 trono
1262 2109 1402 2195 benedici

161 2230 313 2301 uolumus
357 2231 401 2297 ux
423 2216 540 2299 recenti
560 2251 648 2316 porro
672 2232 865 2299 concessione
889 2232 1006 2298 Summi
1031 2233 1201 2321 Pontificis,
1230 2234 1402 2299 benedictio

159 2334 319 2417 nuptialis,
342 2355 421 2419 quae
444 2335 550 2425 magni
569 2356 647 2423 pro
626 2337 708 2401 13313
730 2337 923 2407 3333133313
945 2339 1003 2415 333,
1027 2324 1158 2403 conferri
1181 2316 1283 2422 potest
1306 2339 1401 2404 etiarn

159 2440 252 2523 longo
274 2440 349 2523 post
365 2439 489 2523 nuptias
512 2441 659 2524 tempore,
685 2440 850 2507 dummodo
873 2441 1009 2524 alioquin
1028 2439 1179 2507 Rubricae
1196 2461 1255 2506 non
1267 2441 1337 2507 obs
1323 2444 1400 2532 tent.

160 2544 306 2609 Monendi
330 2562 400 2609 voro
422 2546 501 2608 sunt
517 2544 672 2627 conjuges,
698 2546 877 2611 1331113331
899 2547 1046 2631 neophyti
1070 2545 1214 2623 3133131
1237 2548 1309 2628 ante
1329 2565 1401 2611 con-

139 2648 337 2730 „versionem
352 2648 454 2721 valide
475 2649 702 2735 contraxerint,
720 2650 881 2715 benedict
858 2654 972 2718 tionem
997 2652 1100 2735 ipsam
1118 2647 1273 2715 3113113313
1297 2652 1329 2716 et
1351 2670 1401 2715 so·

158 2752 369 2833 lemnitatem,
402 2771 462 2841 non
493 2772 562 2839 uero
586 2752 625 2819 ad
650 2754 843 2820 validitatem
867 2752 1003 2842 conjugii
1027 2776 1079 2839 per
1081 2756 1191 2823 tinere
1236 2753 1280 2840 (S.
1293 2753 1398 2858 (long.

155 2854 267 2931 ¹Sancti
237 2856 417 2947 10111311,
422 2858 474 2921 31.
499 2857 643 2945 Augusti,
671 2858 780 2943 18811
982 2922 986 2930 .

262 2961 315 3030 IV
335 2940 437 3045 Quod
467 2964 589 3030 decreto
615 2962 744 3031 Concilii
768 2961 1183 3058 Ν33-1111313333313Π1
1167 2983 1234 3047 pam
1266 2962 1344 3029 vetit
1346 2982 1397 3027 um

158 3064 470 3164 3313311113313333
493 3046 706 3163 prohibemus,
738 3086 792 3136 nc
810 3067 930 3154 scilicet
953 3066 1113 3133 Catholici
1145 3067 1204 3132 ulli
1239 3066 1398 3132 uersantes

157 3160 204 3233 133
207 3188 241 3233 13
264 3170 356 3253 hujus
379 3169 542 3239 Dioeccsis
566 3155 701 3251 11311133,
729 3171 794 3238 3113
823 3150 948 3238 illorum
970 3191 1041 3255 para
1063 3167 1211 3255 utraque,
1242 3171 1307 3235 3113
1339 3189 1400 3236 333

157 3276 282 3339 33311131
305 3274 465 3341 catholiea
487 3276 544 3354 sit,
577 3245 812 3342 Matrimonium
845 3296 946 3344 coram
978 3275 1121 3341 ministro
1145 3274 1332 3340 haeretico
1322 3275 1400 3339 mire

157 3380 371 3462 praesumant:
405 3380 514 3462 quodsi
547 3380 586 3445 111
606 3381 674 3445 3331
704 3381 833 3447 fortasse
863 3382 996 3460 luerint,
1028 3398 1117 3445 casus
1139 3381 1199 3445 iste
1218 3397 1253 3445 co
1275 3378 1341 3463 ipso
1364 3377 1401 3443 tit

157 3482 256 3548 Nobis
282 3487 467 3571 reservatus:
543 3572 545 3575 ι

200 3648 202 3658 .
262 3588 299 3653 1.
333 3588 479 3675 1131311311
497 3588 717 3679 Sacerdotibus
736 3590 878 3655 omnibns
901 3586 1105 3673 praecipimus
1126 3590 1162 3674 ut
1177 3587 1323 3672 populum
1339 3586 1399 3652 sibi

156 3692 355 3776 commissum
377 3692 579 3784 admoneant,
610 3694 678 3762 turn
705 3694 743 3759 de
773 3694 894 3778 legibus
918 3693 1073 3759 Ecclesiae
1097 3693 1178 3777 circa
1199 3685 1399 3780 Matrimonia

156 3796 270 3876 11111113,
300 3798 369 3865 33111
392 3796 429 3884 de
452 3798 540 3882 gravi
563 3796 675 3863 damno
698 3798 779 3881 quod
803 3798 946 3863 felicitati
969 3796 1104 3881 ipsorum
1129 3791 1291 3879 temporali
1313 3794 1397 3859 haud

157 3918 244 3981 accus
267 3918 303 3965 ac
325 3902 469 3973 aeternae
488 3900 640 3989 imminet,
665 3902 691 3967 si
714 3902 894 3967 societatem
914 3901 1021 3966 ineant
1043 3901 1200 3967 carentem
1223 3902 1291 3965 tum
1314 3918 1398 3963 com·

157 4003 306 4079 munione·
322 4005 354 4070 in
375 4004 436 4089 fide
457 4025 519 4088 qua
543 4006 608 4081 sola
629 4005 845 4097 solcalvandos
868 4005 1004 4088 sperant,
1027 4006 1095 4070 turn
1117 4004 1269 4069 consortio
1292 4003 1324 4068 in
1340 4002 1397 4068 Sa-

158 4106 217 4171 cris
240 4109 271 4173 et
292 4108 411 4177 Officiis
434 4108 560 4193 pietatis
583 4109 645 4175 illis
667 4129 745 4199 quae
769 4108 967 4194 praecipuum
990 4109 1190 4195 suppeditant
1211 4107 1243 4171 13
1260 4106 1398 4171 aduersis

156 4209 291 4279 solamen
315 4232 350 4277 ac
372 4212 570 4297 praesidium.
618 4206 759 4282 Proiecto
794 4214 821 4279 si
853 4213 992 4279 fidelium
1026 4215 1144 4279 mentes
1178 4212 1296 4290 subiret
1330 4201 1397 4275 lieri

157 4312 1395 4399 111331333311113311311131313333133133113111131311,13333111
1449 4401 1452 4406 =

121 4419 205 4493 ..131
229 4419 286 4498 baa
307 4420 372 4488 sola
392 4422 495 4511 cogita
477 4422 580 4491 atione
602 4422 778 4507 perterriti,
810 4422 884 4487 dum
907 4421 1009 4489 adhuc
1029 4424 1151 4530 tempus
1174 4420 1332 4525 superest,
1339 4418 1419 4527 ad(

157 4523 284 4591 meliora
306 4526 435 4609 consilia
456 4546 516 4592 nou
538 4527 628 4611 pauci
650 4528 889 4594 reuerterentur.

1227 4626 1294 4694 17*
