3050 4859
331 212 443 285 Synod.
462 214 557 272 dioec.
575 210 748 271 Neo-Ebur.
767 232 797 269 α.
816 209 907 271 1889:
926 212 972 272 De
988 214 1193 286 poenitentia.
1315 196 1379 266 257

138 388 242 453 autem
265 388 298 451 in
322 404 413 466 casu,
438 386 589 471 corporali
610 385 708 452 linteo
731 387 765 451 et
784 381 909 452 mnndo'
922 386 1122 470 impositum,
1150 386 1230 454 clavi
1251 388 1291 456 ab
1314 388 1381 473 ipso

136 491 301 557 Sacerdote
325 490 534 571 custodienda,
558 491 725 557 obseretur.
771 489 849 555 Sum
877 507 949 555 vero
978 492 1012 555 in
1042 490 1172 556 ecclesia
1194 495 1380 572 asservatur,

137 596 240 662 omnia
261 613 339 678 qnae
362 594 488 661 Rituale
512 594 560 662 vel
581 593 695 661 Sacrae
718 594 848 660 Rituum
870 594 1127 679 Congregationis
1144 594 1278 663 Decreta
1293 616 1381 681 prae-

138 699 274 783 cipiunt,
310 717 447 784 quaeque
483 697 655 766 Concilium
697 698 875 763 Plenarium
911 697 1086 765 Secundum
1120 719 1225 786 presse
1257 700 1382 767 exhibet

137 804 245 883 (Num.
265 803 351 889 266),
375 803 562 869 adamussim
586 801 618 867 in
641 804 747 867 aetum
770 802 973 871 deducantur.

241 906 280 976 ll.
312 906 515 974 'Meminerint
543 906 641 991 igitur
671 906 852 972 Sacerdotes
873 906 933 973 sibi
956 906 1102 1001 illicitum
1127 926 1193 974 esse
1216 902 1381 976 Sanctissi—

137 1030 219 1077 manr
235 1010 465 1079 Eucharistiam
489 1010 570 1095 apud
593 1011 792 1098 se'retipore,
815 1012 871 1076 aut
893 1028 997 1078 seeum
1020 1011 1149 1093 deferre,
1171 1014 1231 1080 nisi
1251 1017 1382 1098 urgente

136 1114 338 1196 necessitate,
360 1134 438 1200 quae
462 1114 487 1181 si
511 1116 669 1195 occurrat,
697 1114 806 1181 sedulo
828 1114 905 1199 ipsis
926 1116 1095 1183 curandum
1119 1118 1168 1183 est
1186 1119 1223 1183 ut
1246 1117 1382 1183 marinna

135 1238 169 1286 ιι
193 1223 304 1305 gerant
324 1220 504 1298 reverentia,
529 1220 560 1285 et
582 1219 622 1285 ab
639 1218 725 1283 inani
747 1218 855 1303 quovis
878 1219 1055 1286 abstineant
1077 1220 1239 1307 colloquio.
1268 1221 1381 1289 Hostia

138 1344 207 1391 vero
229 1344 326 1404 sacra,
350 1324 376 1389 si
398 1342 477 1409 quae
499 1322 641 1407 supersit,
666 1322 741 1408 ipsis
765 1321 804 1389 ab
821 1324 1048 1409 aegrotantium
1065 1324 1155 1391 domo
1170 1327 1381 1404 redeuntibus,

118 1430 243 1497 statim
265 1429 297 1494 ιι
320 1428 533 1494 Tabernaculo
556 1429 733 1511 reponatur.

239 1532 297 1601 ΙΙΙ,
327 1533 365 1598 ln
388 1523 531 1599 omnibus
553 1550 643 1617 porro
665 1530 804 1599 ecclesiis
832 1530 865 1598 in
893 1532 1005 1616 qnibns
1033 1531 1236 1600 Sacrosencta
1258 1534 1381 1599 Idncba·

14 1629 17 1635 ’
134 1637 223 1703 ristia
244 1636 323 1703 solet
346 1636 508 1716 asservari,
531 1636 665 1719 lampas,
700 1655 735 1701 er
765 1636 832 1701 oleo
862 1636 1031 1714 olivarum,
1064 1636 1112 1702 vol
1142 1656 1178 1701 ιι
1207 1637 1278 1703 aliis
1304 1638 1380 1704 oleis

133 1742 283 1826 quantum
305 1738 373 1807 fieri
395 1740 494 1825 possit
515 1737 761 1825 vegetabilibus,
785 1737 921 1820 nutrita,
944 1739 997 1806 diu
1019 1744 1190 1825 noctuque,
1208 1742 1297 1827 juxta
1323 1742 1378 1807 Ri-

133 1845 231 1911 tualis
254 1845 416 1922 monitum,
440 1861 511 1928 prae
536 1843 629 1909 altari
651 1846 799 1928 perpetuo
822 1844 935 1912 luceat.
1010 1853 1012 1856 ’

237 1948 292 2017 IV.
331 1948 368 2014 In
399 1948 542 2015 omnibus
570 1948 680 2013 itidem
699 1948 850 2014 'ecclesiis
875 1947 1041 2033 inquibus
1065 1949 1162 2015 blissa
1185 1950 1294 2035 quavis
1318 1948 1380 2015 Do-

135 2053 248 2119 miniea
271 2052 418 2120 celebrari
442 2054 535 2132 solet,
564 2054 687 2137 praeter
709 2052 895 2119 indumenta
917 2051 1005 2129 sacra
1028 2055 1100 2137 apto
1123 2054 1223 2120 colore
1236 2054 1378 2133 diversa,

134 2176 263 2242 quorum
286 2159 334 2223 est
355 2174 430 2223 usus
451 2158 483 2222 in
507 2156 621 2222 Missae
645 2156 860 2239 celebratione,
878 2159 1005 2242 praesto
1027 2158 1091 2224 sint
1114 2158 1209 2226 etiam
1227 2157 1378 2236 Pluviale,

136 2262 258 2341 Velnm,
274 2244 545 2343 Ostenscrium,'et
562 2260 770 2326 'thuribulum
788 2300 824 2309 —
839 2263 941 2341 verbo,
963 2260 1113 2346 quidquid
1131 2259 1169 2328 ad
1184 2263 1325 2329 decoram
1342 2279 1379 2327 ac

133 2366 301 2432 solemnem
323 2362 516 2433 Sanctissimi
537 2363 730 2432 Sacranrenti
754 2364 1004 2432 Benedictionem
1028 2366 1206 2451 requiritur.
1254 2356 1277 2370 ”

379 2516 381 2524 ⁴
418 2496 429 2507 -
535 2540 613 2623 Gon.
637 2546 669 2608 4.
703 2540 753 2606 De
775 2539 981 2608 Paenitentia.

235 2676 320 2759 Quae
342 2695 473 2743 summa*
490 2678 546 2743 Dei
569 2680 603 2745 et
624 2678 797 2744 Salvatoris
819 2676 927 2744 Nostri
949 2678 1025 2745 Jesu
1048 2676 1165 2743 Christi
1196 2677 1375 2763 benignitas

151 2783 234 2847 'stet
256 2782 466 2848 misericordia
482 2800 557 2867 erga
570 2785 679 2869 peccat
680 2800 798 2862 orer,u
777 2784 814 2848 t
828 2782 912 2848 rel
890 2801 931 2848 ns
946 2782 1134 2867 prospiceret
1148 2782 1200 2865 qui
1217 2781 1377 2870 Baptismo

133 2885 312 2981 regenerati
328 2887 460 2952 mortem
483 2886 597 2953 iterum
621 2887 743 2952 animae
767 2906 825 2953 sna
847 2886 939 2971 culpa
953 2888 1078 2966 obeunt,
1102 2887 1186 2952 ritae
1204 2887 1376 2953 remedium

132 2988 288 3069 ιιιιιιιίι,
322 2990 534 3057 Ριιιιιιιιίιι
564 2990 810 3058 Sacramentum.
856 2990 995 3073 Quare'
986 3010 1019 3056 ιι
1019 2991 1168 3077 telligant
1197 2990 1377 3059 Sacerdotes

132 3093 224 3179 bnjus
247 3094 439 3161 Sacramenti
462 3095 570 3161 minist
571 3096 615 3175 ri,
641 3114 674 3160 ae
696 3095 815 3163 Christi
838 3097 921 3161 vices
944 3111 1054 3181 agere,
1085 3098 1118 3160 ιι
1143 3094 1300 3180 legatione
1322 3115 1376 3180 pro

131 3197 196 3263 Dec
218 3198 325 3283 iungi,
355 3198 478 3285 quibus
498 3200 625 3266 »dotum
654 3206 700 3266 est
727 3201 941 3267 ministerium
966 3199 1263 3267 reconciliationes
1310 3200 1376 3267 Nos

129 3304 234 3367 antem
255 3302 350 3368 cilicii
372 3304 567 3387 munerisque
590 3304 689 3371 nostri
712 3323 881 3381 memores,
901 3306 995 3388 atque
1015 3302 1220 3369 conciliorum
1241 3288 1374 3370 decretis

125 3405 378 3499 inhaerentes,u
358 3408 394 3472 ιι
415 3407 552 3490 potestas
573 3426 592 3473 a
613 3406 739 3473 Christo
757 3404 893 3473 Domino
916 3407 1075 3473 Ecclesiae
1096 3407 1261 3473 commissa
1283 3425 1372 3474 suurn

129 3510 274 3577 effectum
297 3510 336 3575 ad
360 3510 417 3575 Dei
440 3510 573 3595 gloriam
596 3514 628 3577 et
650 3512 823 3578 animarum
854 3512 987 3578 salntem
1009 3511 1111 3578 totins
1133 3515 1227 3597 atque
1250 3512 1375 3628 uberius

127 3614 240 3680 sentiat
226 3618 287 3695 tur,
310 3632 347 3680 ιι
369 3632 448 3699 quae
470 3618 643 3699 sequuntur
665 3616 819 3682 observari
843 3617 995 3684 volumus.
1225 3633 1227 3636 ·

231 3720 256 3786 l.
291 3718 451 3785 Mouomus
478 3718 621 3785 [tectores
641 3723 676 3787 nt
698 3722 824 3803 paratos
845 3738 967 3805 semper
989 3739 1022 3786 se
1042 3720 1208 3786 exbibeant
1231 3720 1269 3786 ad
1292 3720 1373 3786 enci·

128 3823 256 3906 piandos
277 3822 414 3888 fidelium
436 3823 651 3905 confessiones,
673 3825 857 3909 praesertim
879 3826 985 3891 tamen
1008 3824 1142 3910 singulis
1165 3824 1250 3890 ieriis
1268 3824 1372 3905 sertis,

127 3926 273 3993 Sabbatis
295 3928 327 3993 et
347 3927 467 3993 dierum
490 3929 652 3994 Scotorum
675 3928 804 4015 uigiliis.

181 4018 183 4023 ’
228 4032 272 4098 ll.
311 4030 524 4115 Praecipimns
550 4033 607 4099 scd
627 4034 721 4119 proni
742 4036 779 4099 ιι
801 4053 839 4099 ιι
861 4052 939 4120 qnae
965 4035 1007 4118 in«
1020 4032 1142 4119 Synodo
1163 4032 1264 4119 prima
1286 4034 1370 4101 Neo-

9 4214 15 4227 !
128 4133 311 4200 liboracensi
334 4135 459 4201 decreta
481 4136 608 4203 inerunt
629 4138 667 4202 de
689 4136 969 4204 confessionalibus
992 4137 1024 4202 in
1050 4138 1191 4204 ecclesiis
1221 4139 1288 4203 loco
1317 4157 1372 4221 pe-

129 4236 208 4302 tenti
230 4238 262 4302 et
283 4239 407 4322 publico
429 4240 602 4325 erigendis,
634 4246 720 4307 extra
743 4260 823 4326 qnae
844 4240 1252 4343 nullatenusconiessiones
1278 4233 1373 4307 liceat

127 4340 264 4425 excipere
288 4343 452 4410 mulierum
475 4354 507 4410 et
530 4345 723 4429 puellarum,
752 4346 812 4411 nisi
835 4346 947 4411 surdae
969 4346 1052 4425 sint,
1077 4347 1239 4431 aegrotae,
1267 4348 1372 4448 aetate

126 4445 326 4529 decrepitae,
350 4448 398 4513 rel
427 4448 553 4515 aliunde
582 4450 621 4516 ab
649 4450 780 4516 ecclesia
802 4450 943 4517 adeunda
965 4448 1153 4534 impeditae,
1182 4449 1370 4516 adamussim

125 4550 337 4618 observentur.
370 4551 407 4616 In
427 4552 627 4619 Miasiouibus
649 4554 755 4620 eutem
779 4556 812 4620 et
833 4555 865 4621 in
881 4555 1011 4639 privatis
1026 4554 1178 4636 domibus,
1197 4554 1234 4619 in
1249 4555 1371 4639 quibus,

154 4654 249 4702 Arehlr
262 4654 303 4702 seir
317 4654 510 4723 Kircbenreolrl.
526 4656 567 4703 Ll.
835 4726 837 4731 .
1226 4659 1266 4724 17
