3050 4859
306 204 396 258 carc.
416 202 554 271 Arcaoep.
575 201 674 258 coroa.
692 203 784 257 rasae.
802 218 861 272 pro
880 200 1236 257 vacassent-aracosia.
1314 178 1388 245 Ι2113

150 376 230 459 quod
250 375 350 440 aliena
374 374 497 458 quidam
520 393 619 439 mannw
636 374 796 458 scripturn,
819 377 870 441 ast
893 394 946 459 per
967 374 1150 439 testatorem
1167 372 1390 457 inpraesentia

150 480 280 546 duorum
302 478 528 561 fidedignorum
549 477 676 545 testium
694 480 904 563 subscriptum
917 480 982 544 est:
1006 476 1184 561 requiritur,
1207 477 1389 542 attestator

67 658 72 667 Ι
150 582 228 649 illud
249 582 313 666 ipse
334 583 453 648 notario
473 581 595 665 publico
617 602 690 648 cum
709 582 926 652 declaratione,
943 583 1022 652 hanc
1045 601 1111 647 osse
1132 600 1221 647 suam
1244 580 1389 647 ultimam

147 686 342 753 ¹voluntatem
365 686 536 771 consignet.
559 686 600 771 (ἓ.
622 688 689 772 23.)

224 814 226 816 ·
254 790 398 875 (Reliqua
421 792 481 855 huc
503 790 649 857 lactentia
670 791 701 857 in
725 791 794 875 ipsa
817 790 887 874 lege
909 792 1007 857 citata
1031 789 1219 875 rideantur.)

255 895 282 977 ἓ.
304 896 345 960 37
383 894 493 961 Secuto
524 896 629 960 autem
659 896 745 962 obitu
770 894 904 961 Parochi
924 894 1098 979 cujuspiam
1121 892 1389 964 V.·A.·Diacoaus

137 992 219 1064 ‘mox
238 1016 343 1063 casum
365 998 472 1063 mortis
495 999 683 1065 districtuali
706 1002 775 1065 tum
798 1000 933 1083 politico,
953 1000 1021 1066 tum
1038 997 1172 1083 juridico
1189 994 1389 1081 magistratui

149 1100 346 1192 (saolgahirdi
366 1103 398 1167 e's
410 1102 575 1185 jartahirdi
591 1104 722 1189 hiratal)
743 1103 934 1187 significabit
949 1104 981 1169 at
999 1103 1246 1180 Testamentum,
1265 1099 1389 1183 siquod

150 1205 282 1271 danatus
301 1206 456 1285 condidit,
485 1208 680 1273 ¹concernenti
709 1207 919 1291 jurisdictioni
941 1206 1026 1272 cirili
1049 1224 1124 1291 erga
1145 1196 1295 1290 apocham
1317 1222 1389 1272 con-

115 1372 117 1376 ,
148 1310 307 1394 signabit,
322 1311 533 1377 authenticam
556 1314 660 1377 tamen
685 1312 778 1377 simul
797 1312 864 1395 aina
887 1311 1005 1394 copiam
1021 1312 1154 1394 expetet,
1176 1309 1279 1377 officio
1294 1308 1389 1375 Dioc-
1520 1299 1521 1302 '

150 1431 260 1480 cesano
282 1433 352 1479 cum
370 1414 524 1479 adcurate
546 1415 584 1480 de
607 1418 744 1500 tempore
775 1417 806 1481 et
835 1414 1078 1481 circumstantiis
1107 1414 1210 1481 obitus
1240 1412 1389 1480 relatione

124 1601 127 1607 .
150 1518 217 1596 sina
240 1536 325 1583 mora
346 1520 556 1584 exhihendam.
593 1519 681 1584 Dein
705 1520 844 1599 curabit,
866 1521 903 1585 ut
923 1518 1041 1601 scripta
1061 1520 1094 1583 et
1117 1536 1275 1601 rea-quae
1297 1516 1390 1581 facile
1418 1513 1421 1517 ’

151 1623 242 1707 diripi
266 1626 399 1706 possent,
423 1623 463 1687 ad
481 1624 604 1702 scrinia,
628 1626 684 1689 aut
704 1623 804 1688 cubile
822 1623 989 1707 quodpiam
1012 1622 1225 1701 recondantur,
1247 1620 1392 1704 maneria

149 1729 253 1791 autern
283 1747 336 1792 seu
360 1728 598 1793 conservatoria
631 1728 755 1812 frugum
791 1731 882 1810 prout
917 1729 951 1792 et
985 1726 1146 1792 cellarium
1180 1725 1411 1809 praesentibus·

151 1831 302 1915 cognatis,
325 1832 353 1896 si
372 1832 452 1897 tales
474 1833 597 1915 praesto
620 1834 703 1908 sunt,
725 1832 855 1897 Notario
877 1833 954 1897 item
977 1832 1008 1896 et
1031 1850 1128 1895 unoe
1153 1828 1392 1897 communitatis

151 1934 336 2018 primoribus
367 1935 545 2001 obserentur
572 1935 813 2020 ehsigillentur,
840 1934 1070 2017 posthumaque
1098 1933 1392 2015 substantiamque

153 2039 191 2103 ad
212 2040 336 2121 tempus
359 2039 581 2106 incantationis
602 2058 709 2105 secura
731 2040 916 2123 praestetur.
963 2038 1042 2103 Dein
1063 2038 1163 2121 quoad
1191 2036 1391 2103 honorificam

152 2141 343 2225 sepulturam
367 2144 399 2207 et
422 2144 570 2208 solemnia
601 2144 717 2209 funeris
752 2162 888 2227 congrua
921 2143 1084 2226 disponens
1117 2143 1261 2229 arentum
1296 2140 1391 2207 talem

153 2248 333 2330 tempusque
349 2247 527 2331 sepulturae
542 2248 683 2313 omnibus
699 2246 957 2314 Districtuelibus
972 2247 1135 2313 Fratribus
1150 2248 1257 2313 notum
1273 2244 1391 2312 reddet.

255 2350 282 2434 ξ.
305 2351 356 2417 38.
390 2350 423 2416 Si
446 2352 626 2417 testamenti
645 2353 813 2418 Exsecutor
831 2352 1020 2419 const'tntua
1040 2370 1099 2416 non
1116 2352 1173 2428 est,
1188 2348 1392 2415 Viae-Archi·

154 2454 306 2519 Diaconus
329 2471 390 2538 qua
412 2455 649 2521 Commissarius
673 2454 982 2538 Archi-Episcopalia
1004 2474 1059 2537 pro
1081 2456 1218 2537 tempore
1247 2472 1301 2537 per
1323 2472 1393 2535 pro·

153 2558 312 2624 cedentem
335 2558 479 2623 iudicem
502 2559 692 2643 designando
715 2559 754 2624 ad
786 2560 898 2625 faciam
929 2559 989 2623 loci
1021 2561 1177 2635 excurret,
1210 2556 1392 2636 assumtioni

154 2678 243 2729 casus
276 2661 400 2741 mortis,
438 2662 641 2745 publicationi
680 2663 873 2729 Testamenti
906 2665 939 2729 et
972 2661 1175 2733 inventatiom
1209 2661 1392 2743 posthumae

153 2765 359 2845 substantiae,
382 2766 458 2831 item
481 2786 600 2831 massae
620 2768 855 2851 pertractationi
878 2767 1035 2846 intererit,
1059 2784 1193 2849 quumre
1215 2784 1264 2831 res
1287 2765 1389 2829 denat'

152 2864 326 2935 Sacerdotis
349 2890 368 2935 a
389 2872 575 2955 proprietate
599 2872 752 2937 Ecclesiae
782 2873 814 2937 et
845 2871 1014 2937 Parochiae
1043 2870 1104 2936 rite
1133 2870 1266 2949 secerni,
1298 2870 1392 2951 atque
1520 2901 1521 2906 =

150 2973 222 3057 Jura
246 2974 386 3057 bonaque
409 2975 518 3040 horum
547 2978 633 3041 serta
665 2977 809 3059 tectaque
836 2975 1009 3042 conservari
1043 2975 1202 3057 oporteat:
1234 2972 1393 3039 occasione

153 3077 386 3160 conscriptionis
409 3080 603 3145 substantiae
624 3080 764 3145 defuncti
787 3079 953 3163 diligenter
975 3079 1114 3158 curabit,
1144 3098 1180 3143 us
1210 3076 1305 3143 (lassa
1333 3076 1392 3140 Ec·

153 3182 266 3247 clasiae
288 3192 435 3264 sacraque
457 3183 524 3267 ejus
546 3184 697 3267 supellex,
729 3183 843 3249 fundus
870 3165 1041 3247 instructus
1067 3181 1252 3259 Parochiae,
1281 3178 1392 3244 biblio·

153 3286 245 3351 theca
267 3285 470 3369 parochialis,
504 3287 662 3352 archivum
693 3289 725 3353 et
751 3287 933 3371 protocolla-
952 3285 991 3351 ad
1017 3285 1195 3369 parochiam
1219 3282 1392 3367 spectantia

153 3389 374 3469 examinentur,
406 3408 477 3455 curn
496 3375 699 3471 lnrautariiS,
722 3410 801 3474 quae
823 3390 855 3455 in
879 3390 1004 3474 singula
1027 3389 1165 3455 Ecclesia
1188 3390 1219 3454 et
1241 3386 1392 3455 Parocbia

153 3492 260 3559 adosse
279 3492 401 3572 debent,
425 3495 631 3561 conterantur.
985 3561 988 3567 .

256 3597 284 3681 9.
307 3598 358 3664 39.
394 3597 503 3663 Libros
527 3598 632 3663 denati
655 3597 764 3665 Cureti
780 3618 798 3663 a
815 3598 1048 3664 Parochialibus
1063 3596 1152 3663 libris
1167 3597 1227 3663 rite
1243 3596 1392 3665 discretos

153 3720 228 3787 erga
251 3702 399 3785 apocham
423 3702 607 3785 procedendi
627 3702 733 3768 Judici
752 3702 919 3787 resignare,
943 3701 1107 3769 elenchum
1122 3703 1227 3766 autem
1243 3700 1391 3767 librorum

154 3805 365 3873 Bibliothecae
395 3808 581 3891 parochialis
603 3826 664 3871 una
686 3826 756 3871 cum
780 3806 939 3873 Breriario
961 3806 1100 3874 defuncti
1121 3805 1153 3871 ri
1174 3804 1289 3872 statuti
1309 3803 1392 3869 dioe-

153 3910 261 3995 casani⁴
278 3910 387 3977 Officio
411 3912 591 3977 dioecesano
614 3912 758 3977 submitti
780 3912 942 3996 oportebit.

256 4014 284 4098 ἕ.
307 4016 360 4081 40.
401 4016 560 4082 Peculium
585 4016 757 4097 Ecclesiae,
790 4016 910 4100 piarum
937 4015 1152 4082 laudationum
1182 4015 1215 4081 et
1234 4031 1391 4079 sacrorum

152 4114 351 4183 fundatorum
366 4118 633 4187 V.-A.·Diaconus
656 4139 757 4186 coram
779 4120 1082 4203 repraesentantibus
1097 4118 1289 4202 patronatus,
1312 4115 1390 4201 Syn-

153 4218 230 4285 dicis
262 4221 416 4289 Ecclesiae
450 4226 482 4289 et
514 4224 699 4307 primoribus
733 4224 974 4291 Oommuuitatis
1009 4222 1187 4289 Catholicae
1224 4220 1391 4303 diligenter

153 4324 364 4407 examinabit,
392 4329 520 4393 cunctas
548 4328 782 4414 obligatoriales
813 4328 936 4394 litteras
963 4346 998 4392 eo
1025 4327 1086 4392 line
1108 4324 1325 4409 investigabit,
1356 4320 1395 4387 nt'

153 4430 275 4513 pateat,
307 4450 346 4495 an
376 4432 449 4498 illae
471 4433 557 4518 juxta
579 4433 786 4516 praescriptas
806 4432 957 4500 formulas
978 4433 1122 4497 exaratae
1145 4432 1177 4495 et
1198 4429 1392 4498 intahulatae

154 4535 232 4613 sint;
265 4536 468 4621 protocollum
497 4536 700 4622 perceptionis
723 4537 757 4602 at
777 4537 967 4622 erogationis
985 4534 1145 4604 ‹sonicitao
1165 4534 1299 4601 inuicem
1319 4551 1393 4598 con·
