3050 4859
682 590 791 670 ΧΧΧΙ.

234 726 389 810 Ssmlll.
418 729 453 810 N.
482 730 605 811 leonis
631 730 745 810 dlulna
774 729 991 824 Prouidentia
1021 721 1137 842 Papae
1163 703 1241 810 xm:
1321 809 1324 816 Α

358 871 503 952 Epistola
522 871 695 954 Eoopolt'co
717 871 760 935 od
765 863 955 954 episcopa
975 856 1112 938 Gall.

202 991 437 1058 venerabilibus
460 993 621 1057 Fratribus
645 992 947 1075 Arohiepisoopiset
968 955 1131 1075 Episcopis
1149 973 1270 1058 Galliae

589 1104 683 1174 LEO
706 1105 787 1172 PP.
794 1105 891 1172 ·.Xlll

169 1225 371 1292 Venerabiles
391 1226 475 1290 Frot
461 1233 535 1293 t.res
580 1227 718 1293 Salutem
739 1233 768 1291 el
791 1227 1004 1308 Apostoliodm
1027 1165 1291 1300 Benediote'ootem

168 1347 423 1412 Nobilissime
443 1345 603 1413 Gallorum
627 1367 711 1431 gens,
736 1348 826 1412 mult'
804 1351 845 1412 trs
867 1347 899 1416 iu
922 1349 1012 1414 rebus
1036 1356 1111 1432 pace
1135 1348 1253 1415 bellove
1268 1359 1357 1432 prae-

110 1450 199 1516 clare
221 1453 327 1536 gestis,
352 1452 541 1537 singularem
565 1451 719 1535 quandum
735 1452 795 1517 sibi
811 1453 1000 1536 comparavit
1013 1453 1045 1517 in
1063 1453 1234 1519 Neelas'iam
1249 1453 1358 1524 aetuo-

110 1555 210 1620 lioam
231 1555 356 1622 laudem
377 1557 568 1635 meritorum,
593 1575 721 1640 quorum
738 1575 793 1622 nee
808 1558 973 1624 interitura
992 1558 1040 1622 est
1053 1557 1165 1642 gratia,
1188 1575 1246 1624 neo
1258 1557 1358 1641 gloria

112 1661 322 1728 consenescat.
366 1662 526 1728 Institutis
549 1661 738 1742 christianis,
761 1663 929 1745 praeeunte
948 1679 1019 1746 rege
1035 1661 1213 1742 clodovaeo,
1235 1663 1357 1728 mature

113 1765 277 1849 susceptis,
300 1765 358 1831 hoo
380 1785 453 1831 sane
471 1765 727 1849 perhonorificum
743 1766 817 1831 fidei
833 1766 1020 1850 pietatisque
1035 1767 1249 1832 testimonium
1263 1755 1357 1832 simul

114 1870 148 1934 et
169 1869 342 1952 praemium
365 1870 448 1949 tulit,
472 1871 508 1935 ut
526 1871 741 1954 primogenita¹
755 1870 913 1936 Noelesiae
933 1870 1000 1936 filia
1013 1871 1234 1940 nominaretur.
1263 1871 1307 1936 llx
1322 1889 1357 1936 eo

114 1974 264 2057 tempore,
287 1974 485 2043 Venerabiles
507 1975 754 2059 Fratres,saepe
777 1975 919 2059 majores
932 1975 1029 2041 vestri
1051 1975 1092 2040 ad
1112 1993 1242 2060 magnas
1258 1991 1310 2043 ras
1326 1965 1357 2042 et

115 2078 269 2144 salutares
291 2065 447 2147 visisunt
469 2079 589 2146 dianae
612 2079 708 2163 ipsius
732 2079 944 2163 providentiae
964 2078 1140 2165 adjutores:
1171 2079 1356 2148 nominatim

118 2201 188 2249 vero
211 2183 347 2267 ipsorum
369 2186 417 2250 eat
439 2184 605 2249 nobilitata
626 2183 709 2249 vitus
730 2184 764 2248 in
786 2184 972 2269 vindicando
993 2183 1108 2269 ubique
1128 2186 1283 2250 terrarum
1303 2197 1358 2250 ou·

116 2287 234 2356 tholieo
255 2288 388 2368 nomina,
410 2289 442 2354 iu
466 2288 638 2357 ebristiaua
658 2289 720 2357 fide
743 2289 790 2358 ad¹
804 2289 953 2358 barbares
970 2291 1080 2375 gentes
1092 2289 1301 2375 propaganda,
1325 2290 1356 2354 in

117 2392 284 2459 liberandis
306 2393 488 2478 tuendisque
512 2393 697 2460 sectionibus
720 2393 916 2460 Palaestinae
931 2394 1016 2474 loeis,
1040 2396 1076 2460 ut
1089 2413 1150 2462 nou
1168 2393 1233 2460 sina
1248 2407 1358 2460 caussa

118 2498 207 2563 vetus
228 2496 307 2562 illud
332 2498 393 2562 uim
415 2498 568 2582 proverbii
590 2498 888 2588 obtinuerit-,gesta
908 2499 966 2564 Dei
988 2517 1041 2583 per
1064 2499 1207 2564 Nraneos.
1254 2499 1358 2582 Atque

119 2601 166 2666 his
185 2601 357 2667 rationibus
380 2602 521 2687 contigit,
544 2604 581 2668 ut
603 2602 687 2669 fideli
710 2603 813 2668 animo
829 2621 895 2669 sese
911 2622 965 2687 pro
981 2603 1103 2668 nomine
1119 2603 1248 2669 oatolieo
1264 2603 1355 2669 devo·

118 2708 234 2786 ventes,
249 2707 281 2772 in
296 2705 476 2773 societatem
493 2707 662 2791 gloriarum
675 2707 830 2774 Eoolesiae
846 2707 948 2792 aliquo
965 2707 1053 2773 modo
1071 2707 1172 2773 venire
1190 2707 1356 2791 potuerint,

120 2812 151 2875 et
169 2811 327 2895 complura
349 2811 470 2895 publiea
493 2811 700 2897 privatimque
723 2811 897 2890 instituere,
920 2812 1097 2896 inquibus
1121 2811 1232 2877 eximia
1248 2812 1294 2879 uis
1308 2831 1357 2878 re·

119 2915 252 3000 ligionis,
275 2915 504 2996 beneficentiae,
527 2916 798 3002 magnanimitatis
822 2916 968 2982 cernitur.
995 2915 1079 2998 Quas
1095 2918 1219 3000 patrum
1234 2917 1354 2982 vestro·

119 3039 183 3086 rum
207 3020 339 3087 virtutes
363 3021 495 3086 Romani
512 3021 679 3086 Pontifices
695 3019 877 3087 Decessores
894 3019 1003 3086 Nostri
1021 3021 1168 3105 majorem
1183 3021 1216 3086 in
1232 3021 1357 3086 modum

120 3126 244 3209 probare
261 3127 493 3205 consueverunt,
513 3125 729 3210 reddendaque
745 3144 799 3208 pro
815 3124 934 3191 meritis
949 3124 1172 3208 benevolentia,
1187 3144 1246 3190 non
1262 3125 1358 3192 semel

122 3248 227 3320 ornare
242 3229 401 3296 Gallorum
425 3248 535 3296 nomen
549 3230 692 3295 laudibus
708 3221 880 3295 uoluerunt
912 3228 1130 3314 Amplissimee
1146 3228 1268 3313 quidem
1285 3229 1358 3296 illae

123 3338 207 3413 sunt,
238 3353 314 3418 quas
336 3330 534 3400 Innocentius
552 3334 611 3400 ΙΙΙ.
636 3336 667 3400 et
689 3332 858 3420 Gregorius
881 3334 936 3400 IX.
948 3385 962 3414 ,,
988 3353 1102 3419 magua
1125 3334 1180 3399 illa
1202 3333 1358 3400 Neelesiae

123 3438 253 3518 lumina,
282 3439 451 3524 majoribus
483 3440 594 3504 vestris
619 3439 819 3507 tribuebaut:
855 3457 985 3523 quorum
1007 3438 1090 3522 prior
1109 3439 1142 3503 in
1164 3438 1295 3523 epistola
1318 3438 1357 3503 ad

124 3542 389 3628 Arohiepisoopum
405 3544 618 3623 Rhomensem,
644 3562 773 3628 rognum
790 3543 948 3622 Franciae,
972 3543 1027 3622 ait,
1050 3543 1267 3628 praerogativa
1281 3561 1358 3628 qua·

124 3647 191 3712 dam
214 3646 373 3731 diligimus
395 3648 546 3728 oaritatis,
570 3649 679 3732 utpote
699 3647 782 3732 quod
804 3667 877 3732 prae
899 3646 1010 3713 ueteris
1030 3645 1137 3712 mundi
1157 3648 1261 3733 reguis
1278 3651 1358 3732 Apo·

124 3752 245 3818 stolieea
267 3751 338 3819 Sedi
361 3771 396 3818 ao
419 3751 518 3818 Nobis
541 3752 756 3837 obsequiosum
779 3771 897 3836 semper
920 3752 1025 3818 extitit
1046 3752 1256 3818 etdtevotum
1280 3752 1359 3818 alter

126 3858 240 3924 veroin
263 3857 395 3942 epistola
416 3857 455 3922 ad
478 3859 567 3923 sanet
569 3877 619 3922 um
642 3857 832 3929 Ludovioum
854 3856 922 3936 IX,
953 3858 985 3922 in
1009 3875 1102 3942 regno
1122 3856 1253 3936 Galliae,
1277 3857 1358 3941 quod

127 3961 320 4028 admotione
343 3962 450 4027 Deiet
436 3961 626 4027 tlloelesiae
649 3960 734 4027 nullo
757 3979 830 4027 casu
846 3960 938 4028 avelli
953 3962 1065 4045 potuit,
1089 3980 1244 4047 nunquam
1264 3961 1358 4026 liber·

127 4066 170 4130 tas
190 4065 400 4132 ecelesiastica
421 4067 524 4150 periit,
547 4066 633 4132 nullo
651 4085 786 4151 uuquam
801 4067 938 4149 tempore
954 4066 1091 4151 vigorem
1106 4065 1262 4150 proprium
1275 4065 1359 4130 obri·

127 4169 220 4234 stiam
242 4168 319 4234 fides
341 4170 463 4236 amisit:
493 4170 568 4255 quin
595 4171 658 4237 imo
681 4189 735 4253 pro
757 4189 864 4236 earum
886 4169 1115 4236 conservatione
1136 4187 1224 4254 roges
1247 4170 1278 4234 et
1302 4169 1357 4234 ho-

128 4273 218 4339 mines
238 4273 315 4339 dieti
337 4274 425 4392 regui
447 4276 630 4360 sanguinem
652 4274 809 4360 proprium
833 4275 960 4340 [undere
983 4274 1016 4340 et
1036 4293 1068 4340 se
1089 4273 1234 4358 periculis
1250 4272 1358 4339 multis

128 4396 266 4462 exponere
288 4378 416 4444 minime
438 4379 527 4446 dubit
513 4381 666 4447 ttaveruu
712 4380 831 4446 Parens
853 4382 956 4444 autem
980 4379 1109 4444 naturae
1132 4378 1233 4458 Deus,
1256 4397 1275 4443 a
1298 4396 1358 4461 quo

128 4482 289 4548 mercedem
314 4483 464 4548 virtutum
485 4485 628 4567 reeteque
650 4482 802 4549 laetorum
826 4483 933 4568 utique
955 4482 1094 4548 interris
1110 4481 1359 4565 aooipiunteivi-

1500 3875 1503 3995 4

1489 4135 1502 4372 4

1498 4419 1501 4484 ,
