<?xml version="1.0" encoding="UTF-8"?>
<!DOCTYPE html PUBLIC "-//W3C//DTD XHTML 1.0 Transitional//EN"
    "http://www.w3.org/TR/xhtml1/DTD/xhtml1-transitional.dtd">
<html xmlns="http://www.w3.org/1999/xhtml" xml:lang="en" lang="en">
 <head>
  <title>
</title>
<meta http-equiv="Content-Type" content="text/html;charset=utf-8" />
  <meta name='ocr-system' content='tesseract 3.04.00' />
  <meta name='ocr-capabilities' content='ocr_page ocr_carea ocr_par ocr_line ocrx_word'/>
</head>
<body>
  <div class='ocr_page' id='page_1' title='image "./archivfrkatholi08unkngoog/archivfrkatholi08unkngoog_0136.png"; bbox 0 0 3050 4859; ppageno 0'>
   <div class='ocr_carea' id='block_1_1' title="bbox 137 162 1178 270">
    <p class='ocr_par' dir='ltr' id='par_1_1' title="bbox 137 162 1178 270">
     <span class='ocr_line' id='line_1_1' title="bbox 137 162 1178 270; baseline 0.011 -23"><span class='ocrx_word' id='word_1_1' title='bbox 137 185 202 249; x_wconf 83' lang='grc'>124</span> <span class='ocrx_word' id='word_1_2' title='bbox 396 201 554 270; x_wconf 78' lang='lat' dir='ltr'>Promulp.</span> <span class='ocrx_word' id='word_1_3' title='bbox 573 203 679 269; x_wconf 80' lang='lat' dir='ltr'>syvocd.</span> <span class='ocrx_word' id='word_1_4' title='bbox 699 203 828 256; x_wconf 78' lang='lat' dir='ltr'>dicaces.</span> <span class='ocrx_word' id='word_1_5' title='bbox 848 204 976 270; x_wconf 71' lang='lat' dir='ltr'>Naupor.</span> <span class='ocrx_word' id='word_1_6' title='bbox 996 220 1023 257; x_wconf 91' lang='grc' dir='ltr'>α.</span> <span class='ocrx_word' id='word_1_7' title='bbox 1044 204 1127 257; x_wconf 80' lang='lat'><strong><em>1882.</em></strong></span> <span class='ocrx_word' id='word_1_8' title='bbox 1176 162 1178 167; x_wconf 15' lang='lat' dir='ltr'>v</span> 
     </span>
    </p>
   </div>
   <div class='ocr_carea' id='block_1_2' title="bbox 133 370 1382 977">
    <p class='ocr_par' dir='ltr' id='par_1_2' title="bbox 133 370 1382 977">
     <span class='ocr_line' id='line_1_2' title="bbox 133 370 1378 457; baseline 0.002 -20"><span class='ocrx_word' id='word_1_9' title='bbox 133 374 264 439; x_wconf 90' lang='lat' dir='ltr'>servatis</span> <span class='ocrx_word' id='word_1_10' title='bbox 287 392 444 437; x_wconf 89' lang='lat' dir='ltr'>sacrorum</span> <span class='ocrx_word' id='word_1_11' title='bbox 468 370 943 457; x_wconf 86' lang='lat' dir='ltr'>canonumpraescriptionibus,</span> <span class='ocrx_word' id='word_1_12' title='bbox 976 374 1186 454; x_wconf 80' lang='lat' dir='ltr'>coementes,</span> <span class='ocrx_word' id='word_1_13' title='bbox 1223 377 1278 441; x_wconf 87' lang='lat' dir='ltr'>aut</span> <span class='ocrx_word' id='word_1_14' title='bbox 1303 396 1378 440; x_wconf 90' lang='lat' dir='ltr'>ven-</span> 
     </span>
     <span class='ocr_line' id='line_1_3' title="bbox 134 476 1382 562; baseline 0.005 -21"><span class='ocrx_word' id='word_1_15' title='bbox 134 476 250 554; x_wconf 90' lang='lat' dir='ltr'>dentes,</span> <span class='ocrx_word' id='word_1_16' title='bbox 275 478 330 541; x_wconf 89' lang='lat' dir='ltr'>aut</span> <span class='ocrx_word' id='word_1_17' title='bbox 352 476 532 554; x_wconf 88' lang='lat' dir='ltr'>alienantes,</span> <span class='ocrx_word' id='word_1_18' title='bbox 555 478 620 552; x_wconf 47' lang='lat' dir='ltr'>³aut</span> <span class='ocrx_word' id='word_1_19' title='bbox 640 476 834 559; x_wconf 79' lang='lat' dir='ltr'>recipientes,</span> <span class='ocrx_word' id='word_1_20' title='bbox 865 479 919 541; x_wconf 88' lang='lat' dir='ltr'>aut</span> <span class='ocrx_word' id='word_1_21' title='bbox 948 476 1138 561; x_wconf 83' lang='lat' dir='ltr'>hypothecae</span> <span class='ocrx_word' id='word_1_22' title='bbox 1169 478 1382 562; x_wconf 61' lang='lat' dir='ltr'>subjicientem</span> 
     </span>
     <span class='ocr_line' id='line_1_4' title="bbox 134 580 1382 667; baseline 0.002 -21"><span class='ocrx_word' id='word_1_23' title='bbox 134 584 189 647; x_wconf 88' lang='lat' dir='ltr'>aut</span> <span class='ocrx_word' id='word_1_24' title='bbox 212 580 416 667; x_wconf 78' lang='lat' dir='ltr'>hypothecam</span> <span class='ocrx_word' id='word_1_25' title='bbox 439 600 529 664; x_wconf 91' lang='lat' dir='ltr'>super</span> <span class='ocrx_word' id='word_1_26' title='bbox 550 581 625 665; x_wconf 93' lang='lat' dir='ltr'>ipsis</span> <span class='ocrx_word' id='word_1_27' title='bbox 648 581 821 659; x_wconf 89' lang='lat' dir='ltr'>sumentes,</span> <span class='ocrx_word' id='word_1_28' title='bbox 857 582 978 664; x_wconf 84' lang='lat' dir='ltr'>praeter</span> <span class='ocrx_word' id='word_1_29' title='bbox 1008 582 1223 666; x_wconf 89' lang='lat' dir='ltr'>gravissimam</span> <span class='ocrx_word' id='word_1_30' title='bbox 1256 584 1382 667; x_wconf 87' lang='lat' dir='ltr'>culpam</span> 
     </span>
     <span class='ocr_line' id='line_1_5' title="bbox 133 684 1380 769; baseline 0.001 -19"><span class='ocrx_word' id='word_1_31' title='bbox 133 687 165 751; x_wconf 92' lang='lat' dir='ltr'>et</span> <span class='ocrx_word' id='word_1_32' title='bbox 187 686 334 750; x_wconf 90' lang='lat' dir='ltr'>ultionem</span> <span class='ocrx_word' id='word_1_33' title='bbox 358 685 506 762; x_wconf 91' lang='lat' dir='ltr'>divinam,</span> <span class='ocrx_word' id='word_1_34' title='bbox 522 685 619 750; x_wconf 91' lang='lat' dir='ltr'>etiam</span> <span class='ocrx_word' id='word_1_35' title='bbox 636 685 668 748; x_wconf 91' lang='lat' dir='ltr'>in</span> <span class='ocrx_word' id='word_1_36' title='bbox 684 684 743 749; x_wconf 90' lang='lat' dir='ltr'>hac</span> <span class='ocrx_word' id='word_1_37' title='bbox 759 684 833 763; x_wconf 89' lang='lat' dir='ltr'>vita,</span> <span class='ocrx_word' id='word_1_38' title='bbox 852 685 1054 751; x_wconf 87' lang='lat' dir='ltr'>severissimis</span> <span class='ocrx_word' id='word_1_39' title='bbox 1068 687 1171 769; x_wconf 91' lang='lat' dir='ltr'>poenis</span> <span class='ocrx_word' id='word_1_40' title='bbox 1189 688 1380 753; x_wconf 87' lang='lat' dir='ltr'>ecclesiasti-</span> 
     </span>
     <span class='ocr_line' id='line_1_6' title="bbox 133 772 1380 875; baseline 0.003 -22"><span class='ocrx_word' id='word_1_41' title='bbox 133 791 177 853; x_wconf 92' lang='lat' dir='ltr'>cis</span> <span class='ocrx_word' id='word_1_42' title='bbox 200 808 233 853; x_wconf 91' lang='lat' dir='ltr'>se</span> <span class='ocrx_word' id='word_1_43' title='bbox 255 788 396 854; x_wconf 90' lang='lat' dir='ltr'>innodari</span> <span class='ocrx_word' id='word_1_44' title='bbox 419 789 530 866; x_wconf 90' lang='lat' dir='ltr'>sciant,</span> <span class='ocrx_word' id='word_1_45' title='bbox 543 790 590 853; x_wconf 90' lang='lat' dir='ltr'>uti</span> <span class='ocrx_word' id='word_1_46' title='bbox 610 809 645 853; x_wconf 87' lang='lat' dir='ltr'>er</span> <span class='ocrx_word' id='word_1_47' title='bbox 658 788 849 868; x_wconf 80' lang='lat' dir='ltr'>Tridentino,</span> <span class='ocrx_word' id='word_1_48' title='bbox 867 791 899 854; x_wconf 89' lang='lat' dir='ltr'>et</span> <span class='ocrx_word' id='word_1_49' title='bbox 921 809 957 855; x_wconf 85' lang='lat' dir='ltr'>er</span> <span class='ocrx_word' id='word_1_50' title='bbox 973 772 1202 857; x_wconf 74' lang='lat' dir='ltr'>Constitutione</span> <span class='ocrx_word' id='word_1_51' title='bbox 1215 788 1380 875; x_wconf 75' lang='lat' dir='ltr'>Apostoll-</span> 
     </span>
     <span class='ocr_line' id='line_1_7' title="bbox 133 892 595 977; baseline 0.002 -19"><span class='ocrx_word' id='word_1_52' title='bbox 133 914 187 959; x_wconf 89' lang='lat' dir='ltr'>cce</span> <span class='ocrx_word' id='word_1_53' title='bbox 208 892 300 959; x_wconf 81' lang='lat' dir='ltr'>Sedis</span> <span class='ocrx_word' id='word_1_54' title='bbox 320 893 402 958; x_wconf 90' lang='lat' dir='ltr'>clare</span> <span class='ocrx_word' id='word_1_55' title='bbox 427 893 595 977; x_wconf 80' lang='lat' dir='ltr'>colligitur.</span> 
     </span>
    </p>
   </div>
   <div class='ocr_carea' id='block_1_3' title="bbox 474 1039 1037 1236">
    <p class='ocr_par' dir='ltr' id='par_1_3' title="bbox 474 1039 1037 1236">
     <span class='ocr_line' id='line_1_8' title="bbox 474 1039 1037 1125; baseline 0.002 -19"><span class='ocrx_word' id='word_1_56' title='bbox 474 1041 516 1107; x_wconf 80' lang='lat' dir='ltr'>lte</span> <span class='ocrx_word' id='word_1_57' title='bbox 537 1040 736 1125; x_wconf 70' lang='lat' dir='ltr'>synodalibus</span> <span class='ocrx_word' id='word_1_58' title='bbox 758 1039 1037 1111; x_wconf 54' lang='lat' dir='ltr'>concitationibus.</span> 
     </span>
     <span class='ocr_line' id='line_1_9' title="bbox 621 1151 925 1236; baseline 0.003 -17"><span class='ocrx_word' id='word_1_59' title='bbox 621 1151 724 1236; x_wconf 77' lang='lat' dir='ltr'>Caput</span> <span class='ocrx_word' id='word_1_60' title='bbox 751 1153 893 1221; x_wconf 78' lang='lat' dir='ltr'>Unicum.</span> <span class='ocrx_word' id='word_1_61' title='bbox 922 1164 925 1169; x_wconf 84' lang='lat'>&#39;</span> 
     </span>
    </p>
   </div>
   <div class='ocr_carea' id='block_1_4' title="bbox 132 1272 1397 3547">
    <p class='ocr_par' dir='ltr' id='par_1_4' title="bbox 132 1272 1383 2382">
     <span class='ocr_line' id='line_1_10' title="bbox 237 1272 1379 1360; baseline 0.004 -23"><span class='ocrx_word' id='word_1_62' title='bbox 237 1275 454 1358; x_wconf 78' lang='lat' dir='ltr'>Quaecumque</span> <span class='ocrx_word' id='word_1_63' title='bbox 485 1275 518 1339; x_wconf 90' lang='lat' dir='ltr'>in</span> <span class='ocrx_word' id='word_1_64' title='bbox 556 1275 604 1339; x_wconf 93' lang='lat' dir='ltr'>his</span> <span class='ocrx_word' id='word_1_65' title='bbox 638 1272 918 1339; x_wconf 69' lang='lat' dir='ltr'>constitutionibus</span> <span class='ocrx_word' id='word_1_66' title='bbox 953 1274 1159 1359; x_wconf 76' lang='lat' dir='ltr'>synodalibus</span> <span class='ocrx_word' id='word_1_67' title='bbox 1194 1276 1232 1341; x_wconf 87' lang='lat' dir='ltr'>ad</span> <span class='ocrx_word' id='word_1_68' title='bbox 1271 1276 1379 1360; x_wconf 76' lang='lat' dir='ltr'>gregis</span> 
     </span>
     <span class='ocr_line' id='line_1_11' title="bbox 133 1378 1381 1465; baseline 0 -22"><span class='ocrx_word' id='word_1_69' title='bbox 133 1379 240 1443; x_wconf 85' lang='lat' dir='ltr'>Nostri</span> <span class='ocrx_word' id='word_1_70' title='bbox 264 1380 406 1457; x_wconf 89' lang='lat' dir='ltr'>salutem,</span> <span class='ocrx_word' id='word_1_71' title='bbox 430 1379 469 1444; x_wconf 93' lang='lat' dir='ltr'>ad</span> <span class='ocrx_word' id='word_1_72' title='bbox 494 1379 585 1463; x_wconf 85' lang='lat' dir='ltr'>hujus</span> <span class='ocrx_word' id='word_1_73' title='bbox 608 1378 764 1443; x_wconf 74' lang='lat' dir='ltr'>Ecclesiae</span> <span class='ocrx_word' id='word_1_74' title='bbox 787 1379 1000 1461; x_wconf 79' lang='lat' dir='ltr'>splendorem,</span> <span class='ocrx_word' id='word_1_75' title='bbox 1035 1382 1127 1465; x_wconf 90' lang='lat' dir='ltr'>atque</span> <span class='ocrx_word' id='word_1_76' title='bbox 1150 1380 1381 1446; x_wconf 87' lang='lat' dir='ltr'>ecclesiasticae</span> 
     </span>
     <span class='ocr_line' id='line_1_12' title="bbox 132 1482 1380 1565; baseline 0.002 -18"><span class='ocrx_word' id='word_1_77' title='bbox 132 1483 312 1565; x_wconf 87' lang='lat' dir='ltr'>disciplinae</span> <span class='ocrx_word' id='word_1_78' title='bbox 334 1485 560 1549; x_wconf 83' lang='lat' dir='ltr'>observantiam</span> <span class='ocrx_word' id='word_1_79' title='bbox 584 1483 749 1548; x_wconf 88' lang='lat' dir='ltr'>statuenda</span> <span class='ocrx_word' id='word_1_80' title='bbox 773 1482 805 1547; x_wconf 92' lang='lat' dir='ltr'>iu</span> <span class='ocrx_word' id='word_1_81' title='bbox 825 1483 954 1549; x_wconf 86' lang='lat' dir='ltr'>Domino</span> <span class='ocrx_word' id='word_1_82' title='bbox 978 1484 1163 1563; x_wconf 86' lang='lat' dir='ltr'>censuimus,</span> <span class='ocrx_word' id='word_1_83' title='bbox 1182 1486 1380 1549; x_wconf 86' lang='lat' dir='ltr'>Auctoritate</span> 
     </span>
     <span class='ocr_line' id='line_1_13' title="bbox 134 1585 1381 1672; baseline 0 -20"><span class='ocrx_word' id='word_1_84' title='bbox 134 1587 282 1671; x_wconf 91' lang='lat' dir='ltr'>pastorali</span> <span class='ocrx_word' id='word_1_85' title='bbox 301 1607 320 1652; x_wconf 90' lang='lat' dir='ltr'>a</span> <span class='ocrx_word' id='word_1_86' title='bbox 341 1586 406 1654; x_wconf 89' lang='lat' dir='ltr'>Deo</span> <span class='ocrx_word' id='word_1_87' title='bbox 429 1591 461 1653; x_wconf 90' lang='lat' dir='ltr'>et</span> <span class='ocrx_word' id='word_1_88' title='bbox 484 1587 662 1672; x_wconf 82' lang='lat' dir='ltr'>Apostolica</span> <span class='ocrx_word' id='word_1_89' title='bbox 684 1586 761 1651; x_wconf 85' lang='lat' dir='ltr'>Sede</span> <span class='ocrx_word' id='word_1_90' title='bbox 785 1586 959 1651; x_wconf 86' lang='lat' dir='ltr'>humilitati</span> <span class='ocrx_word' id='word_1_91' title='bbox 982 1588 1115 1653; x_wconf 88' lang='lat' dir='ltr'>Nostrae</span> <span class='ocrx_word' id='word_1_92' title='bbox 1147 1588 1265 1654; x_wconf 86' lang='lat' dir='ltr'>tradita</span> <span class='ocrx_word' id='word_1_93' title='bbox 1290 1585 1381 1653; x_wconf 92' lang='lat' dir='ltr'>volu-</span> 
     </span>
     <span class='ocr_line' id='line_1_14' title="bbox 136 1690 1383 1775; baseline -0.001 -19"><span class='ocrx_word' id='word_1_94' title='bbox 136 1712 203 1757; x_wconf 86' lang='lat' dir='ltr'>mus</span> <span class='ocrx_word' id='word_1_95' title='bbox 226 1694 259 1757; x_wconf 93' lang='lat' dir='ltr'>et</span> <span class='ocrx_word' id='word_1_96' title='bbox 280 1692 494 1775; x_wconf 86' lang='lat' dir='ltr'>praecipimus,</span> <span class='ocrx_word' id='word_1_97' title='bbox 515 1694 552 1755; x_wconf 90' lang='lat' dir='ltr'>ut</span> <span class='ocrx_word' id='word_1_98' title='bbox 573 1692 613 1755; x_wconf 91' lang='lat' dir='ltr'>ab</span> <span class='ocrx_word' id='word_1_99' title='bbox 633 1690 777 1755; x_wconf 86' lang='lat' dir='ltr'>omnibus</span> <span class='ocrx_word' id='word_1_100' title='bbox 800 1692 832 1755; x_wconf 90' lang='lat' dir='ltr'>et</span> <span class='ocrx_word' id='word_1_101' title='bbox 854 1690 996 1775; x_wconf 85' lang='lat' dir='ltr'>singulis,</span> <span class='ocrx_word' id='word_1_102' title='bbox 1014 1692 1052 1756; x_wconf 90' lang='lat' dir='ltr'>ad</span> <span class='ocrx_word' id='word_1_103' title='bbox 1072 1710 1157 1775; x_wconf 87' lang='lat' dir='ltr'>quos,</span> <span class='ocrx_word' id='word_1_104' title='bbox 1175 1696 1207 1757; x_wconf 88' lang='lat' dir='ltr'>et</span> <span class='ocrx_word' id='word_1_105' title='bbox 1226 1694 1383 1775; x_wconf 87' lang='lat' dir='ltr'>quatenus</span> 
     </span>
     <span class='ocr_line' id='line_1_15' title="bbox 134 1794 1380 1887; baseline 0.001 -27"><span class='ocrx_word' id='word_1_106' title='bbox 134 1797 172 1860; x_wconf 88' lang='lat' dir='ltr'>ad</span> <span class='ocrx_word' id='word_1_107' title='bbox 195 1816 246 1887; x_wconf 82' lang='lat' dir='ltr'>eos</span> <span class='ocrx_word' id='word_1_108' title='bbox 268 1796 434 1880; x_wconf 86' lang='lat' dir='ltr'>pertinent,</span> <span class='ocrx_word' id='word_1_109' title='bbox 459 1796 528 1879; x_wconf 90' lang='lat' dir='ltr'>post</span> <span class='ocrx_word' id='word_1_110' title='bbox 550 1798 615 1859; x_wconf 89' lang='lat' dir='ltr'>tres</span> <span class='ocrx_word' id='word_1_111' title='bbox 636 1814 756 1861; x_wconf 88' lang='lat' dir='ltr'>menses</span> <span class='ocrx_word' id='word_1_112' title='bbox 780 1794 818 1859; x_wconf 86' lang='lat' dir='ltr'>ab</span> <span class='ocrx_word' id='word_1_113' title='bbox 842 1794 968 1859; x_wconf 91' lang='lat' dir='ltr'>hoodie</span> <span class='ocrx_word' id='word_1_114' title='bbox 992 1796 1020 1860; x_wconf 87' lang='grc'>7.</span> <span class='ocrx_word' id='word_1_115' title='bbox 1034 1794 1122 1861; x_wconf 78' lang='lat' dir='ltr'>lunii</span> <span class='ocrx_word' id='word_1_116' title='bbox 1146 1797 1380 1880; x_wconf 88' lang='lat' dir='ltr'>computandos,</span> 
     </span>
     <span class='ocr_line' id='line_1_16' title="bbox 134 1894 1381 1983; baseline 0.001 -18"><span class='ocrx_word' id='word_1_117' title='bbox 134 1894 266 1965; x_wconf 84' lang='lat' dir='ltr'>fideliter</span> <span class='ocrx_word' id='word_1_118' title='bbox 286 1902 318 1966; x_wconf 89' lang='lat' dir='ltr'>et</span> <span class='ocrx_word' id='word_1_119' title='bbox 340 1900 563 1964; x_wconf 88' lang='lat' dir='ltr'>inviolabiliter</span> <span class='ocrx_word' id='word_1_120' title='bbox 585 1900 795 1965; x_wconf 87' lang='lat' dir='ltr'>observentur.</span> <span class='ocrx_word' id='word_1_121' title='bbox 849 1898 880 1963; x_wconf 89' lang='lat' dir='ltr'>Si</span> <span class='ocrx_word' id='word_1_122' title='bbox 910 1918 988 1983; x_wconf 89' lang='lat' dir='ltr'>quae</span> <span class='ocrx_word' id='word_1_123' title='bbox 1021 1902 1125 1965; x_wconf 91' lang='lat' dir='ltr'>autem</span> <span class='ocrx_word' id='word_1_124' title='bbox 1157 1900 1221 1965; x_wconf 90' lang='lat' dir='ltr'>sint</span> <span class='ocrx_word' id='word_1_125' title='bbox 1236 1900 1381 1966; x_wconf 78' lang='lat' dir='ltr'>&#39;Praeda-</span> 
     </span>
     <span class='ocr_line' id='line_1_17' title="bbox 136 2002 1380 2083; baseline 0 -14"><span class='ocrx_word' id='word_1_126' title='bbox 136 2023 289 2069; x_wconf 86' lang='lat' dir='ltr'>oeesorum</span> <span class='ocrx_word' id='word_1_127' title='bbox 313 2003 496 2069; x_wconf 88' lang='lat' dir='ltr'>Nostrorum</span> <span class='ocrx_word' id='word_1_128' title='bbox 515 2002 769 2081; x_wconf 74' lang='lat' dir='ltr'>constitutiones,</span> <span class='ocrx_word' id='word_1_129' title='bbox 794 2004 842 2069; x_wconf 91' lang='lat' dir='ltr'>vel</span> <span class='ocrx_word' id='word_1_130' title='bbox 858 2004 978 2083; x_wconf 87' lang='lat' dir='ltr'>Edicta,</span> <span class='ocrx_word' id='word_1_131' title='bbox 1000 2004 1048 2069; x_wconf 89' lang='lat' dir='ltr'>vel</span> <span class='ocrx_word' id='word_1_132' title='bbox 1066 2005 1205 2082; x_wconf 87' lang='lat' dir='ltr'>Decreta,</span> <span class='ocrx_word' id='word_1_133' title='bbox 1221 2006 1270 2069; x_wconf 90' lang='lat' dir='ltr'>vel</span> <span class='ocrx_word' id='word_1_134' title='bbox 1287 2006 1380 2070; x_wconf 82' lang='lat' dir='ltr'>Noti·</span> 
     </span>
     <span class='ocr_line' id='line_1_18' title="bbox 133 2108 1377 2191; baseline 0 -19"><span class='ocrx_word' id='word_1_135' title='bbox 133 2108 310 2184; x_wconf 80' lang='lat' dir='ltr'>ficationes3</span> <span class='ocrx_word' id='word_1_136' title='bbox 341 2108 422 2173; x_wconf 88' lang='lat' dir='ltr'>sieut</span> <span class='ocrx_word' id='word_1_137' title='bbox 445 2126 656 2191; x_wconf 87' lang='lat' dir='ltr'>quaecumque</span> <span class='ocrx_word' id='word_1_138' title='bbox 679 2109 795 2173; x_wconf 87' lang='lat' dir='ltr'>Nostra</span> <span class='ocrx_word' id='word_1_139' title='bbox 816 2108 945 2185; x_wconf 89' lang='lat' dir='ltr'>Edicta,</span> <span class='ocrx_word' id='word_1_140' title='bbox 975 2108 1106 2173; x_wconf 86' lang='lat' dir='ltr'>Decreta</span> <span class='ocrx_word' id='word_1_141' title='bbox 1130 2108 1377 2189; x_wconf 74' lang='lat' dir='ltr'>NotificationeS,</span> 
     </span>
     <span class='ocr_line' id='line_1_19' title="bbox 133 2211 1379 2297; baseline -0.001 -20"><span class='ocrx_word' id='word_1_142' title='bbox 133 2231 211 2295; x_wconf 90' lang='lat' dir='ltr'>quae</span> <span class='ocrx_word' id='word_1_143' title='bbox 221 2211 503 2281; x_wconf 69' lang='lat' dir='ltr'>constitutionibds</span> <span class='ocrx_word' id='word_1_144' title='bbox 519 2212 612 2295; x_wconf 85' lang='lat' dir='ltr'>hujus</span> <span class='ocrx_word' id='word_1_145' title='bbox 623 2212 738 2297; x_wconf 87' lang='lat' dir='ltr'>Synodi</span> <span class='ocrx_word' id='word_1_146' title='bbox 755 2212 964 2291; x_wconf 85' lang='lat' dir='ltr'>adversentur,</span> <span class='ocrx_word' id='word_1_147' title='bbox 989 2213 1139 2297; x_wconf 82' lang='lat' dir='ltr'>abrogata</span> <span class='ocrx_word' id='word_1_148' title='bbox 1155 2216 1248 2295; x_wconf 89' lang='lat' dir='ltr'>atque</span> <span class='ocrx_word' id='word_1_149' title='bbox 1260 2214 1379 2279; x_wconf 87' lang='lat' dir='ltr'>abolita</span> 
     </span>
     <span class='ocr_line' id='line_1_20' title="bbox 134 2316 605 2382; baseline 0.004 -3"><span class='ocrx_word' id='word_1_150' title='bbox 134 2316 325 2382; x_wconf 89' lang='lat' dir='ltr'>decemimus</span> <span class='ocrx_word' id='word_1_151' title='bbox 347 2320 379 2381; x_wconf 91' lang='lat' dir='ltr'>et</span> <span class='ocrx_word' id='word_1_152' title='bbox 401 2316 605 2382; x_wconf 88' lang='lat' dir='ltr'>declaramus.</span> 
     </span>
    </p>

    <p class='ocr_par' dir='ltr' id='par_1_5' title="bbox 132 2420 1397 3235">
     <span class='ocr_line' id='line_1_21' title="bbox 236 2420 1397 2506; baseline 0.003 -21"><span class='ocrx_word' id='word_1_153' title='bbox 236 2421 277 2485; x_wconf 91' lang='lat' dir='ltr'>Et</span> <span class='ocrx_word' id='word_1_154' title='bbox 307 2440 483 2506; x_wconf 89' lang='lat' dir='ltr'>quanquam</span> <span class='ocrx_word' id='word_1_155' title='bbox 507 2420 614 2485; x_wconf 90' lang='lat' dir='ltr'>sedulo</span> <span class='ocrx_word' id='word_1_156' title='bbox 645 2421 750 2485; x_wconf 87' lang='lat' dir='ltr'>studio</span> <span class='ocrx_word' id='word_1_157' title='bbox 784 2420 1047 2495; x_wconf 86' lang='lat' dir='ltr'>adlaboravimus,</span> <span class='ocrx_word' id='word_1_158' title='bbox 1086 2422 1122 2486; x_wconf 90' lang='lat' dir='ltr'>ut</span> <span class='ocrx_word' id='word_1_159' title='bbox 1152 2421 1210 2485; x_wconf 90' lang='lat' dir='ltr'>hae</span> <span class='ocrx_word' id='word_1_160' title='bbox 1240 2420 1397 2488; x_wconf 85' lang='lat' dir='ltr'>Nostrae.</span> 
     </span>
     <span class='ocr_line' id='line_1_22' title="bbox 135 2517 1378 2591; baseline -0.001 0"><span class='ocrx_word' id='word_1_161' title='bbox 135 2517 377 2591; x_wconf 82' lang='lat' dir='ltr'>Constitutiones</span> <span class='ocrx_word' id='word_1_162' title='bbox 406 2526 503 2591; x_wconf 89' lang='lat' dir='ltr'>saeris</span> <span class='ocrx_word' id='word_1_163' title='bbox 532 2525 706 2591; x_wconf 75' lang='lat' dir='ltr'>canonibus</span> <span class='ocrx_word' id='word_1_164' title='bbox 735 2524 860 2590; x_wconf 89' lang='lat' dir='ltr'>omnino</span> <span class='ocrx_word' id='word_1_165' title='bbox 894 2525 1063 2591; x_wconf 88' lang='lat' dir='ltr'>conformes</span> <span class='ocrx_word' id='word_1_166' title='bbox 1094 2527 1125 2590; x_wconf 89' lang='lat' dir='ltr'>et</span> <span class='ocrx_word' id='word_1_167' title='bbox 1154 2527 1378 2591; x_wconf 85' lang='lat' dir='ltr'>consentaneae</span> 
     </span>
     <span class='ocr_line' id='line_1_23' title="bbox 133 2629 1377 2714; baseline 0.003 -21"><span class='ocrx_word' id='word_1_168' title='bbox 133 2632 252 2706; x_wconf 89' lang='lat' dir='ltr'>essent;</span> <span class='ocrx_word' id='word_1_169' title='bbox 276 2632 378 2695; x_wconf 88' lang='lat' dir='ltr'>tamen</span> <span class='ocrx_word' id='word_1_170' title='bbox 402 2650 455 2714; x_wconf 93' lang='lat' dir='ltr'>pro</span> <span class='ocrx_word' id='word_1_171' title='bbox 468 2631 584 2695; x_wconf 88' lang='lat' dir='ltr'>Nostra</span> <span class='ocrx_word' id='word_1_172' title='bbox 606 2648 728 2693; x_wconf 88' lang='lat' dir='ltr'>summa</span> <span class='ocrx_word' id='word_1_173' title='bbox 750 2629 923 2695; x_wconf 89' lang='lat' dir='ltr'>reverentia</span> <span class='ocrx_word' id='word_1_174' title='bbox 946 2649 981 2693; x_wconf 92' lang='lat' dir='ltr'>ac</span> <span class='ocrx_word' id='word_1_175' title='bbox 1004 2630 1209 2695; x_wconf 82' lang='lat' dir='ltr'>submissione</span> <span class='ocrx_word' id='word_1_176' title='bbox 1231 2630 1263 2694; x_wconf 86' lang='lat' dir='ltr'>in</span> <span class='ocrx_word' id='word_1_177' title='bbox 1280 2630 1377 2697; x_wconf 86' lang='lat' dir='ltr'>Sanc·</span> 
     </span>
     <span class='ocr_line' id='line_1_24' title="bbox 133 2734 1375 2818; baseline 0.002 -20"><span class='ocrx_word' id='word_1_178' title='bbox 133 2737 198 2798; x_wconf 88' lang='lat' dir='ltr'>tam</span> <span class='ocrx_word' id='word_1_179' title='bbox 213 2734 384 2799; x_wconf 88' lang='lat' dir='ltr'>Romanam</span> <span class='ocrx_word' id='word_1_180' title='bbox 401 2734 580 2811; x_wconf 78' lang='lat' dir='ltr'>Ecclesiam,</span> <span class='ocrx_word' id='word_1_181' title='bbox 598 2752 677 2818; x_wconf 87' lang='lat' dir='ltr'>quae</span> <span class='ocrx_word' id='word_1_182' title='bbox 694 2734 839 2800; x_wconf 77' lang='lat' dir='ltr'>colomeo</span> <span class='ocrx_word' id='word_1_183' title='bbox 861 2740 905 2799; x_wconf 81' lang='lat' dir='ltr'>eet</span> <span class='ocrx_word' id='word_1_184' title='bbox 928 2740 956 2799; x_wconf 83' lang='lat' dir='ltr'>ct</span> <span class='ocrx_word' id='word_1_185' title='bbox 975 2734 1207 2815; x_wconf 72' lang='lat' dir='ltr'>firmamentum</span> <span class='ocrx_word' id='word_1_186' title='bbox 1221 2736 1375 2812; x_wconf 81' lang='lat' dir='ltr'>veritatis,</span> 
     </span>
     <span class='ocr_line' id='line_1_25' title="bbox 133 2834 1376 2922; baseline 0.002 -21"><span class='ocrx_word' id='word_1_187' title='bbox 133 2837 253 2903; x_wconf 87' lang='lat' dir='ltr'>easdem</span> <span class='ocrx_word' id='word_1_188' title='bbox 278 2840 452 2916; x_wconf 88' lang='lat' dir='ltr'>mutandas,</span> <span class='ocrx_word' id='word_1_189' title='bbox 477 2837 698 2916; x_wconf 88' lang='lat' dir='ltr'>retractandas,</span> <span class='ocrx_word' id='word_1_190' title='bbox 729 2838 925 2921; x_wconf 84' lang='lat' dir='ltr'>corrigendas</span> <span class='ocrx_word' id='word_1_191' title='bbox 956 2834 1160 2903; x_wconf 88' lang='lat' dir='ltr'>libentissime</span> <span class='ocrx_word' id='word_1_192' title='bbox 1194 2838 1376 2922; x_wconf 88' lang='lat' dir='ltr'>subjicimus</span> 
     </span>
     <span class='ocr_line' id='line_1_26' title="bbox 133 2940 1377 3025; baseline 0.002 -19"><span class='ocrx_word' id='word_1_193' title='bbox 133 2942 298 3025; x_wconf 88' lang='lat' dir='ltr'>Supremae</span> <span class='ocrx_word' id='word_1_194' title='bbox 331 2941 521 3008; x_wconf 85' lang='lat' dir='ltr'>Auctoritati</span> <span class='ocrx_word' id='word_1_195' title='bbox 552 2940 748 3007; x_wconf 87' lang='lat' dir='ltr'>Sanctissimi</span> <span class='ocrx_word' id='word_1_196' title='bbox 781 2943 813 3006; x_wconf 92' lang='lat' dir='ltr'>in</span> <span class='ocrx_word' id='word_1_197' title='bbox 834 2940 957 3007; x_wconf 80' lang='lat' dir='ltr'>Christo</span> <span class='ocrx_word' id='word_1_198' title='bbox 992 2942 1094 3007; x_wconf 91' lang='lat' dir='ltr'>Patris</span> <span class='ocrx_word' id='word_1_199' title='bbox 1122 2944 1237 3009; x_wconf 80' lang='lat' dir='ltr'>Leonis</span> <span class='ocrx_word' id='word_1_200' title='bbox 1272 2944 1377 3008; x_wconf 91' lang='lat' dir='ltr'>divina</span> 
     </span>
     <span class='ocr_line' id='line_1_27' title="bbox 133 3046 1375 3131; baseline 0.002 -22"><span class='ocrx_word' id='word_1_201' title='bbox 133 3046 331 3112; x_wconf 90' lang='lat' dir='ltr'>Providentia</span> <span class='ocrx_word' id='word_1_202' title='bbox 353 3048 456 3131; x_wconf 88' lang='lat' dir='ltr'>Papae</span> <span class='ocrx_word' id='word_1_203' title='bbox 479 3046 580 3125; x_wconf 87' lang='lat' dir='ltr'>XtIL,</span> <span class='ocrx_word' id='word_1_204' title='bbox 603 3066 696 3131; x_wconf 90' lang='lat' dir='ltr'>quem</span> <span class='ocrx_word' id='word_1_205' title='bbox 719 3046 804 3112; x_wconf 90' lang='lat' dir='ltr'>Deus</span> <span class='ocrx_word' id='word_1_206' title='bbox 826 3046 858 3109; x_wconf 90' lang='lat' dir='ltr'>in</span> <span class='ocrx_word' id='word_1_207' title='bbox 882 3046 995 3111; x_wconf 90' lang='lat' dir='ltr'>bonum</span> <span class='ocrx_word' id='word_1_208' title='bbox 1012 3046 1166 3112; x_wconf 81' lang='lat' dir='ltr'>Ecclesiae</span> <span class='ocrx_word' id='word_1_209' title='bbox 1190 3051 1221 3112; x_wconf 92' lang='lat' dir='ltr'>et</span> <span class='ocrx_word' id='word_1_210' title='bbox 1243 3046 1375 3111; x_wconf 88' lang='lat' dir='ltr'>societa-</span> 
     </span>
     <span class='ocr_line' id='line_1_28' title="bbox 132 3144 867 3235; baseline -0.001 -21"><span class='ocrx_word' id='word_1_211' title='bbox 132 3152 175 3215; x_wconf 90' lang='lat' dir='ltr'>tis</span> <span class='ocrx_word' id='word_1_212' title='bbox 200 3170 292 3234; x_wconf 87' lang='lat' dir='ltr'>qnam</span> <span class='ocrx_word' id='word_1_213' title='bbox 312 3152 486 3218; x_wconf 90' lang='lat' dir='ltr'>diutissime</span> <span class='ocrx_word' id='word_1_214' title='bbox 509 3151 649 3235; x_wconf 87' lang='lat' dir='ltr'>sospitet,</span> <span class='ocrx_word' id='word_1_215' title='bbox 673 3144 709 3215; x_wconf 88' lang='lat' dir='ltr'>ac</span> <span class='ocrx_word' id='word_1_216' title='bbox 731 3152 867 3216; x_wconf 89' lang='lat' dir='ltr'>tueatur.</span> 
     </span>
    </p>

    <p class='ocr_par' dir='ltr' id='par_1_6' title="bbox 492 3253 1286 3547">
     <span class='ocr_line' id='line_1_29' title="bbox 492 3253 1008 3339; baseline -0.004 -17"><span class='ocrx_word' id='word_1_217' title='bbox 492 3258 515 3338; x_wconf 85' lang='lat'><strong>†</strong></span> <span class='ocrx_word' id='word_1_218' title='bbox 539 3254 717 3322; x_wconf 77' lang='lat' dir='ltr'>Guilelmus</span> <span class='ocrx_word' id='word_1_219' title='bbox 741 3253 1008 3339; x_wconf 84' lang='lat' dir='ltr'>Archiepiscopue.</span> 
     </span>
     <span class='ocr_line' id='line_1_30' title="bbox 835 3358 1286 3441; baseline 0 -18"><span class='ocrx_word' id='word_1_220' title='bbox 835 3358 1003 3441; x_wconf 77' lang='lat' dir='ltr'>Philippus</span> <span class='ocrx_word' id='word_1_221' title='bbox 1020 3358 1097 3427; x_wconf 78' lang='lat' dir='ltr'>Cure.</span> <span class='ocrx_word' id='word_1_222' title='bbox 1116 3358 1286 3439; x_wconf 69' lang='lat' dir='ltr'>Oblectati,</span> 
     </span>
     <span class='ocr_line' id='line_1_31' title="bbox 891 3460 1225 3547; baseline 0.012 -20"><span class='ocrx_word' id='word_1_223' title='bbox 891 3460 1005 3547; x_wconf 84' lang='lat' dir='ltr'>Synodi</span> <span class='ocrx_word' id='word_1_224' title='bbox 1025 3462 1225 3531; x_wconf 79' lang='lat' dir='ltr'>Secretarius</span> 
     </span>
    </p>
   </div>
   <div class='ocr_carea' id='block_1_5' title="bbox 613 3592 895 3659">
    <p class='ocr_par' dir='ltr' id='par_1_7' title="bbox 613 3592 895 3659">
     <span class='ocr_line' id='line_1_32' title="bbox 613 3592 895 3659; baseline -0.007 0"><span class='ocrx_word' id='word_1_225' title='bbox 613 3594 676 3659; x_wconf 83' lang='lat' dir='ltr'>Leo</span> <span class='ocrx_word' id='word_1_226' title='bbox 699 3592 764 3658; x_wconf 89' lang='lat' dir='ltr'>PP.</span> <span class='ocrx_word' id='word_1_227' title='bbox 792 3592 895 3658; x_wconf 89' lang='lat' dir='ltr'><strong><em>XIII.</em></strong></span> 
     </span>
    </p>
   </div>
   <div class='ocr_carea' id='block_1_6' title="bbox 122 3704 1379 4627">
    <p class='ocr_par' dir='ltr' id='par_1_8' title="bbox 122 3704 1379 4627">
     <span class='ocr_line' id='line_1_33' title="bbox 234 3704 1377 3789; baseline -0.003 -17"><span class='ocrx_word' id='word_1_228' title='bbox 234 3706 428 3772; x_wconf 90' lang='lat' dir='ltr'>Venerabilis</span> <span class='ocrx_word' id='word_1_229' title='bbox 448 3706 566 3788; x_wconf 85' lang='lat' dir='ltr'>Erater,</span> <span class='ocrx_word' id='word_1_230' title='bbox 589 3704 728 3771; x_wconf 84' lang='lat' dir='ltr'>Salutem</span> <span class='ocrx_word' id='word_1_231' title='bbox 752 3707 783 3770; x_wconf 88' lang='lat' dir='ltr'>et</span> <span class='ocrx_word' id='word_1_232' title='bbox 804 3705 1010 3789; x_wconf 79' lang='lat' dir='ltr'>Apostolicam</span> <span class='ocrx_word' id='word_1_233' title='bbox 1037 3706 1298 3773; x_wconf 74' lang='lat' dir='ltr'>benedictionem.</span> <span class='ocrx_word' id='word_1_234' title='bbox 1343 3706 1377 3771; x_wconf 90' lang='lat' dir='ltr'>Si</span> 
     </span>
     <span class='ocr_line' id='line_1_34' title="bbox 131 3809 1376 3893; baseline 0.002 -19"><span class='ocrx_word' id='word_1_235' title='bbox 131 3811 208 3875; x_wconf 85' lang='lat' dir='ltr'>fides</span> <span class='ocrx_word' id='word_1_236' title='bbox 240 3811 272 3875; x_wconf 92' lang='lat' dir='ltr'>in</span> <span class='ocrx_word' id='word_1_237' title='bbox 302 3810 413 3875; x_wconf 89' lang='lat' dir='ltr'>multis</span> <span class='ocrx_word' id='word_1_238' title='bbox 444 3810 620 3886; x_wconf 88' lang='lat' dir='ltr'>infirmata,</span> <span class='ocrx_word' id='word_1_239' title='bbox 655 3810 769 3873; x_wconf 89' lang='lat' dir='ltr'>caritas</span> <span class='ocrx_word' id='word_1_240' title='bbox 802 3809 989 3893; x_wconf 83' lang='lat' dir='ltr'>frigescens,</span> <span class='ocrx_word' id='word_1_241' title='bbox 1020 3829 1180 3893; x_wconf 90' lang='lat' dir='ltr'>perversae</span> <span class='ocrx_word' id='word_1_242' title='bbox 1206 3810 1376 3889; x_wconf 83' lang='lat' dir='ltr'>doctrinae,</span> 
     </span>
     <span class='ocr_line' id='line_1_35' title="bbox 131 3907 1375 3999; baseline 0.001 -21"><span class='ocrx_word' id='word_1_243' title='bbox 131 3915 264 3997; x_wconf 85' lang='lat' dir='ltr'>gliscens</span> <span class='ocrx_word' id='word_1_244' title='bbox 285 3915 318 3979; x_wconf 90' lang='lat' dir='ltr'>in</span> <span class='ocrx_word' id='word_1_245' title='bbox 341 3915 406 3979; x_wconf 89' lang='lat' dir='ltr'>dies</span> <span class='ocrx_word' id='word_1_246' title='bbox 429 3907 549 3981; x_wconf 73' lang='lat' dir='ltr'>morum</span> <span class='ocrx_word' id='word_1_247' title='bbox 572 3916 726 3999; x_wconf 88' lang='lat' dir='ltr'>corruptio</span> <span class='ocrx_word' id='word_1_248' title='bbox 754 3914 891 3980; x_wconf 91' lang='lat' dir='ltr'>validum</span> <span class='ocrx_word' id='word_1_249' title='bbox 908 3914 1126 3999; x_wconf 85' lang='lat' dir='ltr'>efflagitabant</span> <span class='ocrx_word' id='word_1_250' title='bbox 1136 3929 1160 3979; x_wconf 82' lang='lat' dir='ltr'>&#39;a</span> <span class='ocrx_word' id='word_1_251' title='bbox 1177 3915 1375 3981; x_wconf 88' lang='lat' dir='ltr'>dioecesanae</span> 
     </span>
     <span class='ocr_line' id='line_1_36' title="bbox 132 4008 1375 4104; baseline 0.002 -21"><span class='ocrx_word' id='word_1_252' title='bbox 132 4018 246 4103; x_wconf 85' lang='lat' dir='ltr'>Synodi</span> <span class='ocrx_word' id='word_1_253' title='bbox 269 4008 485 4085; x_wconf 86' lang='lat' dir='ltr'>convocatione</span> <span class='ocrx_word' id='word_1_254' title='bbox 508 4020 692 4099; x_wconf 88' lang='lat' dir='ltr'>remedium,</span> <span class='ocrx_word' id='word_1_255' title='bbox 725 4020 866 4104; x_wconf 86' lang='lat' dir='ltr'>gravitas</span> <span class='ocrx_word' id='word_1_256' title='bbox 888 4020 970 4083; x_wconf 88' lang='lat' dir='ltr'>certe</span> <span class='ocrx_word' id='word_1_257' title='bbox 990 4019 1058 4103; x_wconf 92' lang='lat' dir='ltr'>ipsa</span> <span class='ocrx_word' id='word_1_258' title='bbox 1082 4020 1249 4099; x_wconf 89' lang='lat' dir='ltr'>malorum,</span> <span class='ocrx_word' id='word_1_259' title='bbox 1281 4020 1375 4085; x_wconf 86' lang='lat' dir='ltr'>aucta</span> 
     </span>
     <span class='ocr_line' id='line_1_37' title="bbox 122 4122 1378 4208; baseline 0.004 -25"><span class='ocrx_word' id='word_1_260' title='bbox 122 4143 150 4187; x_wconf 75' lang='lat' dir='ltr'>,a</span> <span class='ocrx_word' id='word_1_261' title='bbox 172 4124 320 4190; x_wconf 90' lang='lat' dir='ltr'>dilatione</span> <span class='ocrx_word' id='word_1_262' title='bbox 349 4123 535 4202; x_wconf 84' lang='lat' dir='ltr'>medicinae,</span> <span class='ocrx_word' id='word_1_263' title='bbox 568 4126 726 4207; x_wconf 89' lang='lat' dir='ltr'>protracta</span> <span class='ocrx_word' id='word_1_264' title='bbox 755 4125 793 4189; x_wconf 91' lang='lat' dir='ltr'>ab</span> <span class='ocrx_word' id='word_1_265' title='bbox 827 4122 964 4189; x_wconf 87' lang='lat' dir='ltr'>adversis</span> <span class='ocrx_word' id='word_1_266' title='bbox 995 4124 1151 4208; x_wconf 89' lang='lat' dir='ltr'>adjunctis</span> <span class='ocrx_word' id='word_1_267' title='bbox 1185 4124 1224 4188; x_wconf 89' lang='lat' dir='ltr'>ad</span> <span class='ocrx_word' id='word_1_268' title='bbox 1259 4124 1378 4207; x_wconf 81' lang='lat' dir='ltr'>sesqui-</span> 
     </span>
     <span class='ocr_line' id='line_1_38' title="bbox 131 4227 1373 4313; baseline 0.002 -22"><span class='ocrx_word' id='word_1_269' title='bbox 131 4230 299 4307; x_wconf 89' lang='lat' dir='ltr'>saeculum,</span> <span class='ocrx_word' id='word_1_270' title='bbox 320 4228 490 4312; x_wconf 89' lang='lat' dir='ltr'>junctaque</span> <span class='ocrx_word' id='word_1_271' title='bbox 512 4228 691 4294; x_wconf 88' lang='lat' dir='ltr'>difficillimi</span> <span class='ocrx_word' id='word_1_272' title='bbox 713 4229 860 4311; x_wconf 91' lang='lat' dir='ltr'>temporis</span> <span class='ocrx_word' id='word_1_273' title='bbox 877 4227 1085 4313; x_wconf 83' lang='lat' dir='ltr'>trepidationi,</span> <span class='ocrx_word' id='word_1_274' title='bbox 1099 4228 1231 4295; x_wconf 88' lang='lat' dir='ltr'>arduum</span> <span class='ocrx_word' id='word_1_275' title='bbox 1248 4247 1373 4313; x_wconf 83' lang='lat' dir='ltr'>prorsus</span> 
     </span>
     <span class='ocr_line' id='line_1_39' title="bbox 131 4330 1374 4417; baseline 0 -21"><span class='ocrx_word' id='word_1_276' title='bbox 131 4334 285 4398; x_wconf 81' lang='lat' dir='ltr'>faciebant</span> <span class='ocrx_word' id='word_1_277' title='bbox 307 4352 382 4416; x_wconf 90' lang='lat' dir='ltr'>opus</span> <span class='ocrx_word' id='word_1_278' title='bbox 402 4334 433 4397; x_wconf 93' lang='lat' dir='ltr'>et</span> <span class='ocrx_word' id='word_1_279' title='bbox 455 4332 583 4416; x_wconf 91' lang='lat' dir='ltr'>periculi</span> <span class='ocrx_word' id='word_1_280' title='bbox 606 4353 666 4398; x_wconf 93' lang='lat' dir='ltr'>non</span> <span class='ocrx_word' id='word_1_281' title='bbox 688 4353 804 4416; x_wconf 79' lang='lat' dir='ltr'>erpere.</span> <span class='ocrx_word' id='word_1_282' title='bbox 840 4330 953 4398; x_wconf 89' lang='lat' dir='ltr'>Merito</span> <span class='ocrx_word' id='word_1_283' title='bbox 972 4334 1070 4417; x_wconf 83' lang='lat' dir='ltr'>igitur</span> <span class='ocrx_word' id='word_1_284' title='bbox 1092 4334 1151 4399; x_wconf 90' lang='lat' dir='ltr'>tibi</span> <span class='ocrx_word' id='word_1_285' title='bbox 1167 4334 1374 4417; x_wconf 84' lang='lat' dir='ltr'>gratulamur,</span> 
     </span>
     <span class='ocr_line' id='line_1_40' title="bbox 130 4436 1379 4521; baseline 0.002 -21"><span class='ocrx_word' id='word_1_286' title='bbox 130 4436 210 4519; x_wconf 87' lang='lat' dir='ltr'>quod</span> <span class='ocrx_word' id='word_1_287' title='bbox 234 4440 321 4501; x_wconf 90' lang='lat' dir='ltr'>tanto</span> <span class='ocrx_word' id='word_1_288' title='bbox 343 4438 466 4521; x_wconf 89' lang='lat' dir='ltr'>incepto</span> <span class='ocrx_word' id='word_1_289' title='bbox 490 4456 615 4503; x_wconf 86' lang='lat' dir='ltr'>manum</span> <span class='ocrx_word' id='word_1_290' title='bbox 639 4438 741 4503; x_wconf 89' lang='lat' dir='ltr'>alacer</span> <span class='ocrx_word' id='word_1_291' title='bbox 764 4436 955 4514; x_wconf 89' lang='lat' dir='ltr'>admoveris,</span> <span class='ocrx_word' id='word_1_292' title='bbox 984 4436 1124 4520; x_wconf 88' lang='lat' dir='ltr'>illudque</span> <span class='ocrx_word' id='word_1_293' title='bbox 1151 4439 1218 4521; x_wconf 88' lang='lat' dir='ltr'>pari</span> <span class='ocrx_word' id='word_1_294' title='bbox 1249 4438 1379 4503; x_wconf 88' lang='lat' dir='ltr'>solertia</span> 
     </span>
     <span class='ocr_line' id='line_1_41' title="bbox 129 4540 1375 4627; baseline 0.001 -22"><span class='ocrx_word' id='word_1_295' title='bbox 129 4540 302 4624; x_wconf 82' lang='lat' dir='ltr'>perfeceris.</span> <span class='ocrx_word' id='word_1_296' title='bbox 358 4542 445 4610; x_wconf 83' lang='lat' dir='ltr'>Licet</span> <span class='ocrx_word' id='word_1_297' title='bbox 479 4542 582 4619; x_wconf 89' lang='lat' dir='ltr'>enim,</span> <span class='ocrx_word' id='word_1_298' title='bbox 620 4541 755 4608; x_wconf 89' lang='lat' dir='ltr'>lustrata</span> <span class='ocrx_word' id='word_1_299' title='bbox 796 4542 861 4625; x_wconf 89' lang='lat' dir='ltr'>jam</span> <span class='ocrx_word' id='word_1_300' title='bbox 903 4540 1055 4619; x_wconf 88' lang='lat' dir='ltr'>dioecesi,</span> <span class='ocrx_word' id='word_1_301' title='bbox 1098 4542 1201 4609; x_wconf 91' lang='lat' dir='ltr'>omnia</span> <span class='ocrx_word' id='word_1_302' title='bbox 1245 4544 1375 4627; x_wconf 91' lang='lat' dir='ltr'>propriis</span> 
     </span>
    </p>
   </div>
   <div class='ocr_carea' id='block_1_7' title="bbox 0 0 1530 4853">
    <p class='ocr_par' dir='ltr' id='par_1_9' title="bbox 0 0 1530 4853">
     <span class='ocr_line' id='line_1_42' title="bbox 0 0 1530 4853; baseline 0 0"><span class='ocrx_word' id='word_1_303' title='bbox 0 0 1530 4853; x_wconf 95' lang='lat' dir='ltr'> </span> 
     </span>
    </p>
   </div>
  </div>
 </body>
</html>
