3050 4859
429 212 541 283 Synod.
560 215 656 269 dioec.
674 212 845 268 Neo-Ebur.
864 210 917 265 Il’.
938 229 966 267 u.
985 212 1069 271 1882,
1305 195 1370 259 253

126 385 329 451 structionem
351 384 381 450 S.
404 384 660 470 Congregationis
683 384 720 450 dc
744 384 950 469 Propagauda
970 384 1055 463 Fide,
1078 386 1145 451 20·e
1160 383 1250 462 Julii,
1276 384 1368 463 1878,

125 489 289 555 constituti
312 490 385 553 sunt
408 488 583 555 consiliarii
607 490 646 553 ad
669 488 903 573 investigandas
927 507 1035 555 causas
1058 487 1293 567 ecclesiasticas,
1321 489 1369 554 ni·

126 595 258 659 mirum:
283 594 355 661 Rev.
380 593 418 659 D.
443 592 633 659 Gulielmum
657 594 697 659 H.
720 592 850 678 Oloury,
875 594 1072 670 Praesitem;
1101 594 1195 658 Rern.
1221 590 1287 659 Dl).
1311 594 1369 657 Pa·

125 698 249 763 tritium
273 698 307 787 F.
330 696 516 783 McSueony,
541 698 573 766 S.
592 699 626 763 Τ.
651 698 705 777 D.,
729 697 907 766 Gabrielem
930 703 968 768 A.
989 698 1100 786 Hsalp,
1123 695 1310 762 blicbaelem
1334 696 1367 764 O.

127 801 295 877 O'Farrell,
316 805 347 869 et
371 801 515 869 Gerulum
535 802 578 870 M.
602 801 755 869 O'Keeiie.
1183 889 1186 893 ι

233 905 373 973 Perlecta
395 902 469 971 trino
492 908 603 973 sunta
625 906 796 973 Secretario
818 905 952 971 Decreta
971 905 1183 989 disciplinaria
1200 905 1290 971 mono
1306 906 1369 989 pri-

126 1031 211 1075 mum
235 1010 369 1077 Statutis
391 1011 586 1077 llioecesauis
605 1010 778 1088 inserenda,
803 1029 838 1075 ac
861 1010 1051 1075 declaratum
1076 1012 1123 1073 est
1144 1028 1235 1092 snper
1255 1028 1292 1075 ca
1312 1015 1368 1075 aut

125 1114 189 1178 alia
219 1116 404 1201 opportunas
436 1115 630 1199 quaestiones
662 1115 727 1197 peti
756 1133 844 1198 posse
871 1114 1089 1198 explicationes
1118 1114 1167 1179 vel
1195 1117 1305 1179 'contra
1331 1134 1368 1180 ea

125 1219 315 1301 praesentari
346 1238 432 1302 posse
463 1217 690 1285 observationes
721 1217 917 1304 insecenda
946 1220 1080 1284 sessione
1103 1217 1206 1284 debite
1228 1217 1365 1287 conside·

124 1324 249 1399 caudas,
272 1323 383 1406 quibus
406 1323 538 1407 peractis
559 1323 634 1389 horu
657 1322 828 1389 meridiana
851 1321 942 1406 datus
965 1325 1014 1389 est
1033 1340 1182 1392 recessus.

230 1428 315 1492 Hora
337 1408 431 1492 tertia
454 1447 524 1492 cum
546 1426 674 1492 dimidio
690 1426 912 1510 pomeridiana,
935 1425 1034 1491 denuo
1053 1424 1219 1491 sessionem
1235 1426 1367 1509 primam

123 1531 335 1597 continuaturi
359 1534 564 1597 convenerunt
588 1529 766 1618 Synodales.
801 1528 876 1595 Post
898 1530 1050 1612 Vesperas
1070 1548 1148 1613 qnae
1171 1531 1206 1594 ut
1227 1530 1260 1593 in
1275 1530 1367 1595 choro

125 1636 274 1701 recitatae
294 1638 367 1701 sunt
379 1654 448 1700 cum
462 1634 675 1717 Complatorio,
697 1635 854 1716 resumpta
874 1634 944 1711 init,
965 1634 1093 1717 jubente
1115 1633 1367 1700 Eminentissimo

125 1739 286 1820 Praestos,
317 1739 408 1806 lectio
432 1732 927 1816 Statntorum'Dioecesanorum,
958 1739 1017 1802 bic
1038 1738 1121 1815 illic,
1154 1753 1222 1820 pm
1238 1738 1367 1803 variatis

124 1844 295 1929 adjunctis,
327 1843 375 1909 vol
405 1840 545 1927 pristinis
576 1839 705 1907 mutatis
728 1843 785 1907 vel*
801 1840 888 1907 nouis
910 1842 1062 1926 adjectis,
1087 1844 1181 1925 atque
1208 1843 1367 1925 protracta

124 1950 172 2014 est
196 1966 290 2031 usque
314 1946 353 2012 acl
376 1948 510 2013 mediam
534 1934 669 2025 sertam,
702 1937 825 2031 quando
840 1972 843 1976 ·
858 1946 898 2010 ad
927 1946 1111 2010 instantiam
1139 1946 1364 2024 Promotorum,

124 2052 255 2137 primam
278 2048 392 2135 Synodi
415 2051 578 2115 'sessionem
604 2051 777 2115 absolutam
802 2050 1016 2133 pronuntiarit
1035 2048 1364 2133 nmen-archiopisco-

125 2176 191 2241 pus,
215 2175 250 2221 ac
273 2152 453 2219 Reseranda
475 2152 609 2219 Comitia
631 2154 661 2217 in
686 2155 856 2220 crastinum
880 2169 950 2217 cum
973 2153 1188 2219 benedictione
1203 2153 1333 2219 dimisit.

228 2260 356 2325 Postero
372 2258 431 2338 die,
455 2255 530 2324 hora
548 2258 602 2323 10·
624 2260 787 2340 matutina,
805 2260 912 2342 aperta
927 2259 975 2322 est
990 2257 1123 2323 merula
1137 2256 1252 2342 Syuoti
1268 2259 1365 2324 samio

124 2385 177 2449 per
200 2364 331 2430 Missam
355 2363 392 2430 de
414 2362 467 2429 SS.
491 2363 662 2441 Trirritato,
685 2382 779 2447 quam
800 2362 1013 2446 praesentibus
1036 2360 1277 2427 ll”⁰·(lardinali
1300 2364 1362 2428 Ar*

124 2470 316 2553 chiepiscopo
346 2466 471 2551 ejusque
498 2466 573 2532 111ηιο
596 2466 783 2551 Goarljutore
806 2466 974 2532 celebrarit
997 2468 1106 2533 noves·
1127 2455 1164 2531 l).
1191 2459 1365 2532 Gulielmns

124 2572 245 2654 Quina,
274 2570 415 2638 Vioarius
442 2568 612 2638 Generalis.
666 2570 818 2637 Recitatis
849 2587 920 2636 mox
949 2572 1094 2637 aliaeu
1110 2570 1364 2655 Arcbibpiscopo

127 2676 267 2741 Patrensi
301 2675 443 2759 precibus
475 2674 507 2739 in
542 2674 718 2739 Pontificali
751 2674 966 2758 praescriptis,
997 2674 1086 2759 jussu
1120 2674 1364 2741 Eminentissimi

124 2780 279 2845 Praesidis
308 2777 511 2863 petitionibus
544 2798 580 2845 ac
603 2779 706 2844 dubiis
728 2780 760 2843 in
781 2778 1103 2865 Synodoprirlieper
1125 2779 1189 2844 th.
1214 2781 1364 2845 Procura-

124 2886 205 2949 tores
230 2884 312 2950 Oleri
334 2884 538 2967 praesentatis
568 2883 670 2949 lucido
697 2884 828 2968 siugulis
850 2882 1170 2967 responsosatislecit
1193 2884 1302 2951 ltermlo
1325 2886 1363 2950 D.

124 2986 236 3069 Quina,
259 2987 297 3052 V.
312 2984 348 3055 G.
382 2986 553 3071 Resnmpta
573 2989 648 3053 tunc
667 2990 698 3053 et
718 2988 887 3053 terminata
904 2987 966 3053 fnit
981 2988 1075 3053 leutio
1093 2986 1290 3056 Statutorum
1306 2988 1363 3073 Sy-

125 3090 288 3170 nodalium,
308 3110 386 3174 quae
398 3094 500 3157 omnia
516 3092 598 3157 idem
611 3092 873 3158 narrentanos
886 3092 1054 3169 Generalis,
1067 3091 1299 3175 brebiepiseopi
1309 3110 1363 3157 no·

123 3198 214 3275 mine,
231 3196 433 3279 proclamavit
445 3214 540 3281 usqne
554 3196 592 3261 ad
605 3196 830 3261 revocationem
842 3199 874 3261 in
886 3197 994 3279 vigore
1006 3196 1183 3261 existere-ac
1195 3213 1362 3264 remanere.

225 3299 343 3365 Vocata
366 3299 474 3365 deinde
497 3303 570 3366 sunt
593 3320 611 3365 a
633 3301 764 3367 Notario
786 3302 911 3366 nomina
933 3301 1063 3365 Petrum
1090 3301 1145 3383 qui
1171 3298 1293 3385 Synodo
1316 3302 1363 3366 irr-

121 3406 235 3469 teresse
259 3398 428 3483 debebant,
460 3404 591 3491 singulis
615 3405 667 3488 tui
690 3392 818 3471 aderaut
839 3404 1095 3488 respondentibus
1124 3404 1298 3484 ›Adsum‹
1332 3409 1364 3472 et

121 3510 265 3592 peractae
288 3510 427 3574 caeterae
450 3510 669 3575 caeremoniae.
1044 3556 1047 3562 -
1282 3528 1284 3533 ·

224 3613 335 3678 Verbis
355 3613 481 3677 tandem
504 3613 652 3700 gaudium
673 3615 816 3678 sanctum
836 3632 872 3679 ac
886 3606 1048 3697 paternum
1063 3613 1254 3697 spirantibus
1268 3614 1363 3703 affec·

119 3718 197 3796 tum,
221 3717 396 3783 sacerdotes
419 3716 548 3783 dilectos
570 3716 601 3783 in
627 3718 715 3783 vinea
737 3718 862 3783 Domini
884 3710 1124 3785 collaboratores
1145 3715 1299 3784 allocutus
1314 3720 1363 3784 est

121 3821 221 3887 almae
245 3822 337 3907 hujus
361 3821 565 3888 Americauae
587 3821 743 3888 Ecclesiae
768 3823 1040 3889 Eminentissimus
1054 3818 1208 3900 Antistos,
1233 3841 1363 3907 congra-

120 3926 223 3991 tulans
246 3926 283 3991 de
306 3927 480 4005 laboribus,
504 3926 624 4011 gratias
648 3944 744 4013 agens
766 3927 804 3992 de
827 3927 906 3992 bona
929 3927 1106 4006 uoluntate,
1135 3927 1300 3992 exhortans
1323 3928 1362 3991 ad

121 4026 242 4094 fidelem
264 4031 466 4097 Decretorum
496 4032 562 4097 tam
595 4050 741 4096 novorum
772 4047 866 4116 qnam
895 4031 1093 4115 antiquorum
1122 4032 1361 4110 observantiam,

122 4149 248 4216 moxque
272 4134 310 4199 ab
334 4134 475 4200 omuibus
498 4137 531 4199 in
552 4142 676 4220 gratum
693 4154 768 4220 erga
786 4136 886 4200 Deum
906 4135 1003 4223 animi
1017 4135 1234 4201 testimonium
1248 4136 1362 4220 hymno

122 4236 285 4303 decantato
310 4238 526 4318 Ambrosianu,
548 4240 733 4305 venerabilis
757 4225 886 4306 Praesul
908 4239 1024 4325 Synodi
1047 4233 1173 4318 Patres,
1198 4257 1269 4307 uoce
1290 4258 1362 4323 pro-

121 4340 282 4424 pemodum
305 4355 378 4425 prae
402 4342 503 4409 cordis
526 4346 677 4410 amotione
700 4344 879 4424 deliciante,
902 4360 974 4409 cnm
997 4344 1127 4410 solemni
1148 4330 1361 4409 benedictione

121 4445 259 4530 singulos
279 4446 312 4509 in
333 4464 389 4511 sua
410 4448 542 4517 remisit.
644 4473 646 4481 '
768 4533 771 4540 .

222 4546 405 4638 [Omisimus
427 4550 486 4619 boc
507 4553 574 4619 loco
594 4552 756 4618 elenchum
779 4550 960 4618 officialium
982 4552 1120 4637 synodi]
1250 4570 1253 4577 ·
