3050 4859
133 133 197 236 (17.6
239 150 360 241 Ιιιιιιιιι
374 150 458 222 XIII.
477 150 601 218 ldncpct.
619 151 661 205 ad
680 152 840 218 episcopos
861 149 986 214 Galliac
1004 151 1033 204 d.
1045 121 1124 208 (1.8]
1138 109 1226 205 Ειιιι,
1244 105 1336 233 ιθβζ

134 321 273 409 agitant,
303 340 361 388 non
392 320 646 407 praetermisistis
669 322 846 401 ostendere,
874 323 1025 406 quantum
1046 321 1107 404 ipsi
1129 319 1250 388 civitat-i
1272 321 1404 386 essent

135 427 268 495 allatura
289 425 469 510 perniciem.
514 427 617 510 Atque
647 428 705 494 has
733 427 773 492 oh
798 445 908 496 causas
937 445 1025 492 neme
1050 426 1121 510 jure
1150 424 1399 501 criminabitur,

134 533 189 598 aut
211 530 314 615 alique
336 531 401 596 Vos
421 533 564 616 respectu
585 550 689 598 rerum
710 531 916 602 humanarum
931 532 1012 610 duci,
1037 531 1091 598 aut
1107 529 1295 598 constitutae
1316 529 1398 594 rei-

133 635 275 720 publicae
297 635 469 708 adverseri:
493 635 567 719 quia
588 655 660 702 oum
683 636 742 702 Dei
761 637 868 720 egitur
885 637 990 714 honos,
1012 655 1083 705 cum
1101 635 1186 702 salus
1202 635 1394 712 animarum

134 740 166 806 in
190 739 352 826 discrimen
375 739 549 822 adducitur,
582 744 720 807 ιιιιιιιιιι
757 759 869 806 munus
903 741 951 806 est
980 739 1089 806 harum
1112 759 1216 806 rerum
1237 738 1393 810 emnium

133 844 267 910 tutelam
296 844 564 928 defensionemque
587 845 753 928 suscipere.
798 844 925 930 Pergite
947 845 1053 928 itaque
1075 843 1241 928 prudenter
1262 845 1293 910 et
1317 843 1393 908 icr-

133 949 209 1016 titer
229 949 262 1013 in
280 948 447 1034 episcopali
469 969 594 1019 munere
616 949 747 1016 versari:
780 949 922 1016 caelestis
950 950 1094 1016 doctinee
1123 949 1285 1033 praecepta
1306 948 1390 1016 tra·-

135 1053 225 1132 dere,
253 1055 286 1118 et
307 1073 372 1138 qua
390 1053 432 1119 sit
450 1053 686 1139 ingrediendum
706 1053 757 1118 rie
779 1054 812 1118 in
835 1056 901 1120 tam
924 1073 1038 1139 magne
1061 1055 1235 1138 temporum
1257 1051 1386 1136 iniqui-

27 1243 30 1246 *
135 1159 201 1225 tate
223 1157 335 1241 populo
357 1158 578 1241 demonstrare.
634 1158 785 1224 Eemdem
813 1159 951 1227 emnium
986 1159 1107 1242 oportet
1142 1177 1207 1227 esse
1240 1158 1388 1224 mentem

134 1262 278 1344 idemque
299 1261 508 1347 propositum,
531 1262 564 1328 et
585 1263 637 1329 ubi
657 1261 828 1328 communis
852 1263 900 1328 est
921 1281 1030 1342 cause,
1056 1262 1218 1329 similem
1209 1282 1242 1330 ιιι
1255 1260 1389 1346 agendo

23 1371 27 1386 '
136 1365 281 1431 adhibere
302 1367 462 1434 rationem
509 1367 671 1433 Providete
693 1369 730 1432 ut
752 1386 905 1450 nusquam
928 1368 1051 1434 scholae
1073 1366 1242 1458 desint,1n
1264 1366 1386 1450 quihus

25 1494 38 1529 τ
135 1470 247 1538 notitia
268 1470 417 1552 bonorum
440 1471 564 1539 caelest'
556 1492 621 1538 rum
643 1471 874 1555 officiorumque
901 1490 977 1556 erge
1008 1472 1108 1538 Deum
1138 1470 1386 1556 diligentissime

134 1576 253 1642 alumni
274 1575 464 1656 imbuantur,
485 1578 517 1641 et
538 1576 661 1645 discent
683 1575 770 1659 penit
772 1595 807 1642 us
828 1576 1000 1644 Ecclesiam
1014 1595 1197 1661 cognoscere
1216 1575 1383 1658 eidemque

135 1679 218 1745 dicto
240 1699 306 1746 esee
327 1680 488 1746 audientes
509 1700 606 1764 usque
627 1681 703 1746 adeo
724 1682 761 1746 ιιι
782 1681 961 1771 intelligant
984 1683 1015 1746 et
1038 1681 1184 1757 sentiant,
1205 1699 1310 1746 omnes
1329 1680 1383 1745 la·

134 1785 234 1863 boras,
257 1783 324 1868 ejus
346 1804 448 1863 causa,
471 1785 618 1868 patibiles
639 1785 800 1868 putandos.
843 1785 991 1850 Abundat
1016 1784 1119 1850 Gellia
1142 1784 1383 1868 praestantissi-

135 1907 255 1953 morum
281 1888 623 1974 hominumexemplis,
654 1890 707 1973 qui
739 1908 793 1972 pro
823 1875 895 1956 fide
914 1889 1084 1954 christiana
1107 1889 1226 1957 nullam
1245 1889 1287 1954 ab
1311 1909 1384 1956 sese

137 1991 366 2072 calamitatem,-
384 2013 421 2061 ne
442 1993 523 2061 vites
545 1993 671 2078 quidem
690 1993 788 2076 ipsius
806 1993 965 2078 jacturam
984 1993 1139 2076 deprecati
1155 1981 1233 2060 sint,
1258 1994 1297 2060 In
1311 1993 1384 2077 ipae

136 2096 194 2165 illa
214 2097 456 2182 perturbatione,
476 2118 571 2182 quem
594 2098 912 2176 commemoravimus,
933 2097 989 2164 viri
1012 2098 1131 2166 invicte
1146 2097 1206 2166 lide
1222 2098 1383 2182 perplures

137 2201 315 2280 extiterunt,
339 2222 468 2287 quorum
486 2203 604 2269 uirtute
627 2203 659 2266 et
679 2202 829 2286 sanguine
852 2201 972 2286 patrius
996 2203 1206 2269 ιιιιιι.1ιιιιιι
1233 2203 1383 2272 damnare

138 2306 251 2372 nestris
272 2307 368 2374 etiem
390 2307 582 2390 temporibus
603 2305 780 2371 virtutem
772 2325 804 2370 ιιι
825 2305 930 2372 Gallie
953 2306 1109 2372 cernimus
1129 2327 1182 2390 per
1198 2307 1338 2372 medies
1329 2327 1382 2372 rn-

137 2409 234 2480 sidias
248 2411 288 2479 ιι
307 2410 444 2494 pericula
465 2413 558 2490 setis,
584 2412 647 2476 Deo
664 2411 811 2495 juvente,
844 2429 877 2476 se
899 2411 998 2494 ipsam
1019 2411 1111 2478 tueri.
1151 2411 1265 2478 Munus
1286 2431 1379 2478 suurn

138 2513 245 2579 Clarus
267 2514 401 2595 insisti,t
429 2515 523 2599 idque
545 2535 583 2582 ee
604 2515 753 2594 caritate,
786 2535 864 2598 quae
887 2515 1080 2582 sacerdotum
1101 2517 1149 2583 ιιι
1170 2516 1308 2600 proprie,
1338 2515 1380 2581 ad

136 2619 343 2702 proximorum
371 2620 528 2690 utilitates
555 2639 675 2704 semper
700 2621 822 2703 promta
845 2619 877 2684 et
896 2619 1027 2686 sollerti.
1074 2620 1160 2686 heici
1183 2620 1241 2686 viri
1265 2639 1379 2703 magne

137 2742 264 2802 numero
293 2723 385 2805 fidem
416 2724 602 2793 catholicam
633 2724 819 2808 profitentur
852 2725 958 2807 aperto
991 2724 1207 2809 imperitoque
1237 2726 1307 2807 pect
1308 2743 1377 2790 orer

137 2827 286 2912 obsequia
314 2847 405 2894 auum
435 2827 579 2894 certatim
610 2828 682 2897 huic
711 2827 907 2911 Apostolicae
930 2828 1001 2894 Sedi
1024 2828 1131 2896 multis
1154 2829 1325 2894 rationibus
1346 2829 1377 2894 ct

138 2951 227 3016 saepe
260 2932 434 2998 testentur:
469 2932 660 2998 institutioni
691 2932 866 3016 juventutis
900 2933 1019 3019 ingenti
1052 2937 1178 3016 sumptu
1196 2933 1241 2998 ,ιι
1258 2927 1376 3004 'labere

137 3035 345 3121 prospiciunt,
368 3036 615 3105 rnecessitatibus
640 3036 772 3120 publicis
801 3037 993 3121 opitulantur
1019 3036 1210 3128 liberalitate
1231 3039 1264 3103 et
1286 3037 1374 3102 bene-

136 3139 263 3208 ficentia
285 3140 432 3221 mirabili.
502 3206 504 3209 ,
578 3187 582 3193 r
621 3197 624 3202 .

240 3244 387 3316 Jamrero
408 3245 472 3312 ista
493 3246 589 3324 boue,
609 3265 671 3329 qua
694 3245 810 3312 lactem
832 3264 920 3330 spem
941 3245 1064 3313 Galliae
1086 3245 1292 3330 pertendunt,
1317 3264 1373 3312 uon

138 3349 346 3439 conservande
368 3351 469 3416 solum
491 3349 661 3432 sedetiam
682 3349 824 3434 augenda
846 3349 919 3414 sunt
939 3350 1095 3426 communi
1111 3349 1214 3415 studio
1228 3349 1371 3416 mexime-

138 3472 197 3537 que
219 3455 448 3537 perseverentia
469 3453 656 3521 sedulitatis.
687 3455 724 3518 ln
747 3454 865 3537 primus
887 3454 1053 3521 videndum
1072 3455 1121 3520 est
1142 3455 1180 3519 ut
1198 3454 1372 3522 idoneorum

139 3555 273 3622 ιιιοιιιιιι
285 3557 382 3642 copia
404 3557 520 3643 magis
529 3577 565 3624 ac
587 3559 690 3642 magis
712 3557 822 3624 Clarus
842 3558 1057 3642 locupletetur.
1102 3559 1216 3624 Sancte
1236 3558 1278 3624 sit
1297 3559 1373 3642 apud

138 3661 313 3734 secerdotes
328 3663 421 3728 Antis
422 3663 516 3731 tirrmt
538 3682 666 3728 suorum
686 3663 872 3729 auctoritas:
902 3665 1060 3746 procerte
1082 3662 1372 3730 habeentseccrdo·

138 3767 203 3830 tale
235 3785 364 3846 munus,
401 3766 462 3832 nisi
495 3767 552 3832 suh
586 3767 768 3852 magisterio
802 3767 1021 3852 episcopcrum
1055 3769 1245 3847 exerceatur,
1281 3785 1371 3851 neque

139 3870 299 3950 sanetum,
321 3889 378 3936 nec
396 3871 473 3955 satis
492 3871 589 3950 utile,
612 3890 710 3955 nequo
731 3872 895 3938 honestum
918 3872 1067 3938 futurum.
1114 3871 1233 3944 Deinde
1255 3889 1372 3938 necesse

139 3974 187 4040 est
208 3973 241 4040 in
262 3975 439 4061 patrocinio¹
455 3975 615 4060 religionis
637 3976 772 4044 multum
795 3976 952 4042 elaborare
972 3976 1068 4042 lectos
1090 3975 1171 4042 siros
1189 3976 1294 4057 laicos,
1309 3976 1371 4061 qui·

139 4080 197 4144 bus
219 4097 290 4146 cara
312 4080 362 4145 est
382 4080 552 4148 communis
574 4081 712 4150 omnium
731 4083 831 4148 meter
848 4081 994 4161 Ecclesia,
1014 4081 1047 4148 et
1061 4099 1191 4165 quorum
1208 4098 1279 4147 curn
1294 4080 1371 4148 dicte

139 4184 207 4249 tum
229 4183 345 4268 scripta
367 4185 490 4252 tuendis
510 4185 658 4253 catholici
680 4185 813 4253 nominis
834 4185 955 4270 juribus
977 4205 1090 4270 magno
1114 4188 1184 4252 usui
1209 4205 1277 4252 esse
1304 4203 1368 4268 pos·
1498 4259 1499 4270 ἵ

138 4288 221 4352 sunt.
266 4287 314 4352 Ad
345 4291 467 4372 optatos
494 4292 598 4355 eutem
628 4289 747 4354 fructus
769 4291 900 4355 maxime
923 4292 970 4356 est
992 4289 1177 4373 conspiratio
1200 4289 1369 4356 voluntatut
1498 4341 1499 4374 ,

139 4393 171 4454 ιι
192 4391 382 4475 agendorum
410 4394 583 4460 similitude
613 4395 794 4461 necessarie.
847 4393 989 4460 Profecto
1017 4394 1095 4459 nihil
1127 4395 1228 4480 magis
1259 4393 1369 4461 inimici

139 4494 283 4579 eupiunt,
315 4517 407 4582 qnam
431 4499 468 4564 ut
489 4498 661 4566 dissideant
682 4499 829 4567 catholici
848 4499 931 4566 inter
953 4517 1004 4566 se:
1039 4496 1072 4564 hi
1107 4518 1178 4567 vero
1207 4499 1286 4566 nihil
1315 4497 1383 4566 sibi'
