3050 4859
263 94 391 160 328
477 110 533 165 S.
577 110 798 181 Conyr.
841 110 1019 165 Cone.
1052 112 1111 166 d.
1150 112 1202 164 7.
1246 112 1392 180 Apr.
1428 110 1610 166 1883.-
1654 110 1842 165 Matr.
1878 110 2109 180 Imperi.
2150 100 2355 166 claud.
2394 61 2609 167 ab}
2629 67 2677 162 21-
2720 77 2726 86 Ἰ
2759 77 2767 80 -

1085 288 1148 350 2.
1218 280 1435 348 Causa
1479 282 1924 364 Neapolitana.
1961 301 1980 314 ⁸

799 396 1230 461 Matrimonii.
1279 395 1520 475 Imped.
1570 394 1867 461 clandest.
1914 400 1971 459 et
2016 397 2225 478 impot.

471 507 592 573 Leo
628 507 737 572 K.
799 526 959 572 anno
1022 508 1186 572 1860
1247 507 1539 572 Panormi
1602 525 1744 572 cum
1804 506 1995 571 nobili
2044 506 2269 589 juvene
2316 508 2633 587 Eleonora
2683 509 2790 576 M.

265 609 577 677 amicitiae
637 611 853 676 foedus
902 611 1083 690 iniit,
1153 611 1311 694 quod
1378 612 1589 676 tamen
1650 610 2022 675 dissolutum
2084 610 2211 676 fuit
2281 612 2358 676 ob
2420 612 2795 678 discessum

273 715 488 781 Leonis
531 733 565 779 e
611 715 866 780 civitate
915 716 1391 781 Panormitana:
1451 714 1740 780 volvente
1798 733 1944 780 vcro
2005 733 2164 779 anno
2215 715 2381 780 1865
2434 736 2546 799 per
2593 737 2795 783 ama-

269 819 457 885 torias
502 819 745 884 litteras
789 819 1015 884 iterum
1061 820 1372 885 amicitiae
1417 818 1634 884 foedus
1679 819 2097 883 instauratum
2141 819 2295 898 fnit,
2359 820 2453 886 ita
2500 822 2572 886 nt
2622 820 2793 901 Le0,

269 924 604 989 Eleonorae
643 942 876 988 morem
923 941 1176 1006 gerwe,
1224 943 1257 987 e
1298 923 1482 989 Tovis
1532 922 2003 989 Transilvaniae
2049 924 2418 990 mandatum
2464 945 2789 1009 procura-

265 1028 453 1093 tionis
521 1026 853 1092 Eleonorae
914 1026 1373 1092 transmitteret
1429 1026 1506 1091 ad
1570 1026 2039 1092 matrimonium
2102 1049 2225 1109 per
2286 1034 2792 1110 procuratorem

269 1130 625 1208 ineundum,
673 1129 903 1194 notatis
950 1131 1197 1195 tantum
1242 1130 1307 1195 in
1346 1130 1491 1195 folio
1537 1130 1986 1213 procurationis
2031 1131 2383 1196 nominibus
2427 1119 2659 1197 Leonis
2693 1134 2785 1200 K.

269 1237 331 1301 et
376 1235 638 1299 duorum
681 1233 958 1309 testium,
1005 1234 1174 1300 facta
1220 1233 1524 1299 facultate
1573 1234 1912 1299 Eleonorae
1960 1233 2230 1318 eligendi
2278 1238 2783 1317 procuratorem.

273 1338 386 1405 His
432 1338 782 1414 stantibus,
853 1336 951 1402 die
1008 1338 1112 1402 22.
1167 1336 1486 1403 Februarii
1553 1338 1753 1416 1866,
1826 1336 2171 1404 tridentina
2232 1340 2479 1404 servata
2538 1341 2785 1420 forma,

273 1444 568 1509 Eleonora
622 1444 687 1505 et
745 1440 864 1506 Leo
912 1440 1370 1507 matrimonium
1442 1440 1678 1507 inivere
1745 1440 2042 1525 Neapoli,
2112 1444 2530 1525 procuratoris
2598 1444 2786 1511 vices

273 1549 494 1632 agente
539 1545 812 1629 Josepho
855 1544 928 1610 G.

477 1650 572 1715 Ad
621 1650 864 1714 exitum·
898 1648 1180 1714 volvente
1227 1639 1386 1713 anno
1437 1649 1627 1727 1866,
1674 1649 1791 1715 Leo
1824 1650 2200 1715 Panormum
2242 1650 2411 1715 venit
2457 1651 2779 1734 conjuga-

269 1757 388 1819 lem
437 1754 629 1818 vitam
677 1772 818 1817 cnm
866 1752 1165 1817 Eleonora
1203 1751 1654 1835 praestiturus;
1704 1755 1839 1834 post
1869 1771 2097 1835 paucos
2130 1752 2261 1817 dies
2292 1754 2777 1820 matrimonium

269 1859 450 1922 civile
495 1877 636 1922 cum
684 1858 988 1921 Eleonora
1034 1856 1404 1931 celebravit,
1466 1858 1534 1920 et
1592 1856 1844 1921 tandem
1893 1858 2076 1921 ambo
2124 1858 2519 1940 Hungariam
2564 1861 2776 1942 petie-

269 1965 431 2029 runt.
526 1963 611 2026 At
652 1961 920 2025 nondum
967 1960 1215 2025 ‘biennio
1261 1960 1531 2043 conjugii
1579 1961 1841 2042 explete,
1886 1961 1963 2025 ob
1998 1961 2211 2044 jurgia
2242 1964 2305 2027 et
2338 1964 2776 2029 contentiones

273 2069 431 2131 inter
475 2068 949 2148 ipsosexortas,
997 2065 1298 2129 Eleonora
1339 2065 1661 2146 paternam
1696 2064 1967 2138 domum,
2016 2066 2135 2130 Leo
2173 2066 2399 2130 iterum
2431 2066 2773 2133 Szathrna-

269 2171 431 2234 rium
472 2169 677 2252 petiit.
766 2169 1015 2233 Interea
1074 2168 1235 2233 actio
1299 2168 1596 2232 instituta
1643 2168 1765 2234 fuit
1816 2187 2020 2234 coram
2068 2157 2227 2233 laica
2274 2171 2587 2251 potestate
2629 2173 2769 2237 Pa-

273 2275 617 2354 normitana
675 2274 750 2337 ob
811 2272 1275 2337 dissolutionem
1346 2270 1550 2335 civilis
1613 2272 1885 2355 conjugii
1951 2273 2093 2337 initi
2161 2273 2427 2339 Leonem
2486 2276 2654 2341 inter
2704 2279 2772 2342 et

273 2379 665 2443 Eleonoram:
735 2378 839 2441 sed
887 2377 1152 2441 frustra:
1220 2378 1594 2460 quapropter
1639 2376 2092 2459 mulier⁸penes
2138 2377 2441 2442 Tribunal
2486 2379 2770 2445 civitatis

273 2482 656 2548 Bada-Pest
719 2481 954 2546 institit
997 2482 1062 2545 et
1107 2480 1380 2545 obtinuit
1411 2484 1496 2544 vnt
1541 2481 1783 2545 nullum
1830 2480 2248 2546 declararetur
2295 2483 2767 2554 matrimonium

273 2585 438 2650 civili
483 2585 693 2650 forma*
724 2584 975 2651 initum.

475 2690 708 2754 Verum
751 2690 1050 2754 Eleonora
1095 2690 1387 2770 exoptans
1431 2688 1723 2771 religioso
1781 2689 2023 2755 vinculo
2082 2690 2352 2756 dissolvi
2384 2709 2544 2756 anno
2589 2691 2764 2756 1871

273 2792 520 2857 Curiam
571 2792 1044 2875 Neapolitanam
1090 2792 1322 2869 adivit,
1377 2794 1623 2874 petens:
1688 2794 1761 2857 ut
1806 2780 2269 2859 matrimonium
2306 2796 2386 2857 ab
2432 2795 2568 2877 ipsa
2614 2797 2766 2861 cum

269 2897 469 2961 Leone
512 2896 591 2961 K.
641 2898 1030 2962 contractum
1072 2915 1176 2978 per
1219 2897 1675 2979 procuratorem
1723 2897 1989 2961 nullum?
2002 2898 2423 2964 declararetur
2452 2917 2524 2963 ex
2556 2899 2770 2981 capite

273 3000 794 3065 clandestinitatis
838 3002 901 3065 et
946 3000 1348 3083 impotentiae
1395 3001 1719 3067 absolutae
1759 3002 1822 3065 et
1853 3002 2276 3067 antecedentis
2305 3022 2377 3067 ex
2408 3006 2582 3085 parte
2616 3004 2764 3069 viri:

273 3105 515 3169 easdem
563 3124 771 3186 preces
816 3104 938 3168 Leo
981 3103 1280 3186 porrexit,
1343 3106 1623 3168 attamen
1658 3104 1856 3168 ambo
1901 3105 2346 3187 impedimenta
2401 3106 2767 3172 dirimentia

273 3228 461 3289 nuper
514 3210 732 3274 notata
791 3209 1229 3284 deseruerunt,
1293 3208 1567 3273 actiones
1628 3207 2029 3273 instituentes
2090 3212 2305 3274 contra
2365 3208 2763 3276 validitatem

273 3311 650 3376 matrimonii
692 3312 1046 3376 ex‘defectu
1093 3330 1422 3377 consensus
1468 3312 1620 3389 viri,
1684 3314 1748 3376 et
1803 3331 1879 3375 ex
1908 3312 2072 3377 ¹vitio
2118 3314 2433 3378 essentiali
2480 3314 2763 3379 mandati

273 3415 719 3497 procurationis
777 3416 922 3499 quia
980 3435 1197 3497 nempe
1245 3415 1336 3479 vir
1383 3435 1500 3479 non
1546 3416 1897 3499 designavit
1943 3420 2431 3499 procuratorem,
2492 3419 2558 3483 et
2614 3418 2764 3501 quia

273 3518 349 3583 ad
397 3520 862 3584 matrimonium
910 3520 1090 3583 civile
1134 3521 1383 3583 tantum
1431 3520 1793 3584 mandatum
1842 3521 2291 3606 procurationis
2334 3521 2526 3587 dedit.

476 3623 576 3687 Ad
622 3624 906 3688 tramites
951 3622 1055 3690 88.
1103 3622 1418 3688 Canonum
1478 3625 1543 3686 et
1587 3622 2063 3687 Constitutionis
2123 3624 2562 3689 Benedictinae
2622 3641 2763 3707 pro-

273 3746 444 3793 cessu
489 3728 738 3810 peracto
798 3726 895 3789 die
954 3726 1054 3793 17.
1106 3727 1378 3810 Augusti
1424 3727 1589 3790 1872
1660 3724 1843 3791 Curia
1904 3726 2316 3808 Neapolitana
2384 3730 2759 3794 sententiam

269 3831 438 3910 tulit,
483 3850 604 3915 qua
648 3830 990 3896 declaravit
1023 3867 1101 3879 --
1138 3829 1440 3897 Constare
1483 3832 1561 3896 de
1602 3831 1929 3896 validitate
1974 3832 2391 3897 Matrimonii
2421 3833 2569 3897 initi
2596 3833 2762 3897 inter

273 3935 619 4001 Dominum
663 3936 932 4001 Leonem
977 3936 1074 4000 Κ.
1112 3941 1173 4001 et
1213 3935 1597 4000 Eleonoram
1641 3935 1739 4000 M.
1784 3935 1887 3999 die
1929 3940 2037 4001 22.
2070 3934 2413 4000 Februarii
2452 3940 2623 4001 1866
2658 3956 2757 4001 co·

269 4062 411 4105 ram
436 4040 718 4121 parocho
761 4039 996 4106 SSmae
1016 4080 1019 4085 -
1039 4039 1448 4105 Ascensionis
1491 4040 1564 4102 in
1602 4038 1721 4103 hac
1765 4039 2256 4105 Archidioecesi.
2336 4037 2565 4103 Contra
2595 4039 2760 4105 hanc

269 4144 640 4209 sententiam
688 4144 806 4208 Leo
847 4144 926 4208 ad
972 4144 1032 4208 8.
1081 4142 1300 4209 Sedem
1367 4142 1534 4206 intra
1594 4142 1881 4227 legitima
1934 4146 2214 4225 tempora
2276 4144 2756 4227 appellationem

269 4247 671 4329 interposuit,
747 4250 810 4313 et
876 4247 1179 4329 pendente
1247 4246 1699 4329 appellatione,
1780 4246 2206 4311 calvinianam
2282 4246 2599 4330 ingressus
2661 4252 2759 4313 est

269 4349 545 4425 Sectam,
593 4352 657 4414 et
700 4351 867 4415 omni
915 4349 1157 4414 vinculo
1203 4350 1476 4414 solutum
1519 4368 1586 4414 se
1629 4352 1957 4432 reputans,
2006 4349 2177 4416 aliud
2233 4350 2591 4434 conjugium
2637 4350 2757 4416 init

269 4449 620 4537 prolemque
661 4452 948 4536 suscepit.
1037 4452 1154 4516 His
1201 4453 1555 4516 extantibus
1601 4454 1901 4518 Eleonora
1948 4453 2045 4517 die
2095 4453 2195 4519 17.
2229 4454 2553 4519 Februarii
2590 4455 2757 4520 1882
