3050 4859
694 186 1060 250 Nom-isson,
1108 186 1193 240 De
1227 187 1490 241 vicariis
1527 186 1989 255 capitularibus
2027 189 2098 240 in
2138 186 2365 241 Gallia.
2690 172 2775 235 49

285 361 505 425 contra
573 362 917 444 praefatam
990 361 1494 427 consuetudinem
1565 362 1939 446 gallicanam
2011 382 2127 428 non
2201 363 2389 429 fuisse
2452 364 2772 430 directam.

287 461 614 544 Quinimo,
669 466 910 548 quando
971 466 1146 531 sedes
1193 465 1551 549 Apostolica
1596 465 1913 549 rescripsit
1954 467 2030 531 ad
2079 467 2401 532 ecclesiam
2453 468 2772 534 vacantem

284 586 445 652 quae
491 568 716 650 plureS‚
767 570 930 634 sicut
976 588 1107 633 mos
1152 570 1520 653 praevaluit,
1569 569 1828 635 vicarios
1855 570 2248 653 capitulares
2291 570 2586 654 elegerat,
2635 590 2772 637 cum

285 672 378 737 eis
423 673 556 755 egit
602 673 814 739 eodem
862 674 1040 738 modo
1080 693 1154 739 ac
1193 675 1246 737 si
1297 674 1505 739 valida
1551 682 1614 739 et
1657 674 1948 757 legitima·
1987 674 2203 739 fuisset
2263 693 2471 741 eorum
2532 675 2772 741 electio,

286 777 552 842 Videtur
598 780 807 843 tamen
851 779 1063 862 optare
1111 779 1182 844 ut
1230 798 1386 844 unus
1433 780 1496 843 et
1543 777 1903 862 principalis
1950 779 2365 845 constituatur
2405 778 2688 857 vicatim,
2740 801 2776 845 a

285 901 408 966 quo
455 882 564 946 alii
609 881 1030 965 dependeant:
1084 882 1245 967 quod
1294 902 1366 947 ex
1412 882 1726 966 aliquibus
1771 882 2269 973 responsionibus
2311 903 2361 950 s.
2411 883 2772 969 Congregffi

285 987 476 1052 tionis
524 986 802 1070 apparet.

496 1097 600 1163 Sic
661 1097 843 1164 Card.
914 1097 1190 1182 Cagia‘no
1213 1147 1228 1177 ,
1268 1144 1271 1149 -
1307 1099 1623 1164 occasione
1698 1097 2069 1187 visitationis
2147 1099 2235 1168 ad
2298 1099 2526 1165 limina
2594 1098 2772 1166 Car-[l.

285 1202 575 1281 Gousset‚
623 1203 1086 1287 Archiepiscopi
1134 1203 1478 1279 Remensis,
1523 1203 1700 1285 cujus
1745 1203 1921 1268 sedes
1964 1222 2122 1268 anno
2167 1205 2415 1268 tantum
2465 1205 2631 1268 1822
2678 1225 2772 1269 re-

285 1308 516 1375 stituta
560 1307 784 1387 iuerat,
831 1308 1078 1373 nomine
1124 1326 1171 1371 3.
1221 1326 1430 1391 congr.
1480 1306 1761 1387 Concilii,
1804 1306 1904 1371 die
1941 1306 2200 1374 14..Ju1i
2231 1308 2415 1387 1858,
2464 1308 2776 1391 rescripsit

285 1412 644 1495 sequentia:
696 1412 913 1495 »Quod
959 1412 1186 1493 innuis,
1234 1412 1375 1477 sede
1421 1415 1698 1492 vacante,
1746 1412 1875 1478 tres
1918 1412 2178 1494 vicarios
2218 1412 2595 1495 capitulares
2626 1413 2772 1497 eligi

284 1517 518 1595 solere,
586 1515 1094 1583 animadvertunt
1139 1516 1272 1581 Em.
1323 1518 1444 1583 ΡΡ.
1494 1515 1771 1600 capitula
1817 1514 2286 1582 Cathedralium
2334 1566 2350 1583 .
2399 1568 2411 1583 .
2460 1567 2477 1581 .
2527 1569 2541 1585 .
2584 1536 2772 1582 unum

284 1620 617 1709 dumtaxat
663 1640 735 1685 ex
781 1630 913 1703 ca‘p.
968 1620 1078 1698 16,
1122 1639 1270 1686 sess.
1317 1622 1436 1699 24,
1483 1620 1559 1685 de
1601 1619 1770 1698 Refi,
1817 1619 2111 1685 vicarium
2159 1619 2599 1703 capitularem,
2660 1640 2772 1685 nun

285 1727 499 1791 autern
547 1725 698 1791 duos
736 1725 836 1790 vel
880 1724 1090 1809 plures
1130 1725 1428 1810 deputare
1489 1725 1742 1806 debere,
1810 1725 2331 1808 quemadmodum
2389 1724 2464 1789 de
2531 1725 2776 1790 vicariis

286 1829 683 1914 generalibus
743 1848 927 1914 agere
972 1830 1216 1896 licitum
1263 1833 1362 1896 est
1407 1880 1420 1893 .
1471 1880 1485 1895 .
1535 1880 1550 1895 .
1601 1882 1615 1896 .
1663 1829 1942 1895 Monebis
1999 1830 2212 1913 itaque
2270 1828 2646 1912 capitulum,
2708 1833 2780 1893 ut

286 1934 533 2025 quando
580 1935 824 1999 vacatio
869 1934 1183 2013 ceciderit,
1230 1934 1389 2018 quod
1438 1934 1619 2019 longe
1666 1934 1770 2015 sit,
1818 1934 1959 1999 huic
2008 1933 2372 2019 disciplinae
2419 1932 2772 2013 adhaereat,

284 2057 427 2103 cum
476 2038 841 2121 praesertim
886 2040 1048 2104 idem
1097 2039 1438 2123 capitulum
1483 2058 1601 2104 non
1644 2039 2022 2122 impediatur
2069 2038 2291 2106 vicario
2338 2036 2528 2106 aliurn
2573 2038 2768 2103 virum

284 2142 644 2222 adsciscere,
694 2143 800 2226 qui
846 2162 1024 2226 opem
1065 2143 1434 2228 adjutricem
1481 2143 1683 2210 eidem
1723 2137 2037 2227 praebeat,
2081 2142 2600 2227 quemadmodum
2652 2164 2768 2209 nun

288 2246 525 2331 pridem
565 2246 946 2314 inculcatum
991 2249 1086 2313 est
1132 2247 1405 2331 capitulo
1436 2248 1787 2327 Molinensi,
1823 2248 1888 2313 in
1917 2247 2355 2340 approbatione
2389 2248 2768 2314 statutorum

287 2351 728 2435 capitularium
774 2371 879 2436 per
918 2351 1163 2418 litteras
1216 2352 1315 2419 10.
1365 2352 1527 2420 Julii
1581 2352 1805 2420 1854«
2474 2385 2478 2387 v

494 2465 621 2530 Illa
674 2464 903 2531 decisio
963 2465 1090 2530 vim
1135 2467 1361 2550 ,tamen
1419 2464 1765 2532 sententiae
1822 2465 1888 2530 in
1948 2463 2153 2530 Gallia
2212 2463 2629 2548 praevalentis
2674 2465 2772 2529 vix

288 2569 550 2647 minuit,
613 2589 757 2635 nam
817 2570 1029 2655 agitur
1089 2570 1190 2636 hic
1246 2570 1319 2635 de
1366 2569 1642 2654 capitulo
1689 2588 1847 2635 anno
1874 2571 2139 2634 ,tantum
2191 2569 2355 2642 1822
2400 2569 2602 2638 erecto
2626 2617 2641 2648 ,
2704 2589 2772 2633 aa

285 2673 423 2739 ideo
465 2692 624 2739 auno
673 2675 841 2740 1858
885 2693 1017 2739 mos
1065 2675 1130 2741 in
1178 2674 1440 2743 dioecesi
1485 2674 1776 2740 Remensi
1838 2673 2109 2740 nondum
2164 2673 2646 2758 praescriptione
2688 2673 2772 2737 40

286 2796 590 2863 annorum
634 2776 890 2843 indutus
936 2780 1093 2845 erat.

497 2890 796 2973 Equidem
859 2910 1016 2957 anuo
1075 2893 1239 2957 1871
1296 2893 1395 2957 die
1453 2892 1516 2957 4.
1585 2891 1997 2975 SeptembriS‚
2060 2890 2122 2957 S.
2170 2889 2237 2959 Ο.
2289 2890 2372 2968 O„
2412 2890 2692 2957 consulta
2740 2913 2776 2953 a

285 2992 526 3059 duobus
565 2996 874 3061 canonicis
920 2998 1213 3063 ecclesiae
1259 2996 1649 3065 cathedralis
1697 2997 2115 3063 Ruthenensis
2155 2995 2413 3080 (Rodez)
2459 2996 2623 3061 circa
2668 3016 2772 3061 ra-

285 3097 604 3163 liditatem
648 3100 967 3167 electionis
1011 3102 1270 3168 duorum
1319 3103 1693 3168 vicariorum
1754 3101 2216 3185 capitularium,
2256 3101 2335 3165 ab
2396 3100 2616 3165 iisdem
2671 3120 2772 3185 ps-

286 3203 496 3267 ractae
527 3204 842 3286 respondit
892 3205 1202 3271 »validam
1227 3205 1480 3290 quidem
1507 3225 1640 3273 esse
1666 3205 2027 3272 electionem
2048 3203 2236 3303 primi
2261 3203 2446 3269 electi
2472 3204 2546 3267 D.
2575 3203 2776 3281 Costa,

287 3306 401 3371 sed
443 3308 782 3373 secundum
814 3328 933 3374 non
963 3328 1097 3375 esse
1128 3310 1447 3391 vicarium,
1498 3310 1607 3375 sed
1654 3310 1980 3374 dumtaxat
2012 3310 2466 3391 provicarium,
2518 3308 2624 3391 qui
2659 3309 2776 3373 suh

285 3412 600 3496 potestate
643 3430 716 3477 ac
756 3414 913 3478 nutu
957 3413 1032 3477 D.
1079 3412 1259 3481 Ceste
1306 3414 1556 3499 negotia
1600 3412 1929 3479 ministerii
1970 3412 2298 3496 pastoralis
2342 3412 2623 3496 expedire
2668 3430 2776 3496 po*

285 3516 498 3581 terit«
566 3517 676 3595 At,
722 3521 1005 3600 respectu
1045 3518 1217 3583 illius
1263 3518 1611 3599 decisionis,
1664 3518 1843 3583 Card.
1885 3518 2206 3583 Antonelli
2250 3517 2328 3582 ad
2375 3516 2616 3583 Galliae
2663 3536 2780 3601 gu-

290 3615 580 3685 bernium
617 3620 866 3705 scripsit
911 3622 1072 3688 hanc
1116 3623 1571 3705 responsionem
1616 3641 1727 3706 pro
1759 3622 2067 3707 praesenti
2100 3641 2247 3709 casu
2279 3624 2525 3687 tantum
2560 3621 2776 3686 datam

291 3724 499 3793 fuisse.
547 3725 815 3796 Aliunde
844 3726 1024 3791 >sedes
1055 3726 1471 3791 Ruthenensis
1500 3726 1692 3792 etiam
1723 3745 1883 3792 anno
1914 3729 2163 3792 tautum
2192 3727 2355 3792 1822
2388 3728 2592 3791 erecta
2620 3729 2776 3789 erat.

499 3838 552 3904 E
604 3819 845 3918 contra,
906 3842 1166 3905 vacante
1223 3839 1368 3904 sede
1425 3839 1801 3905 Cadurcensi
1858 3838 2145 3923 (Oahors)
2201 3858 2364 3923 quae
2402 3858 2561 3905 anno
2609 3839 2776 3903 1802

288 3939 585 4009 instituta
628 3942 772 4022 fuit,
816 3941 1038 4028 Congr.
1073 3943 1337 4009 Concilii
1381 3962 1418 4009 a
1462 3944 1776 4011 canonicis
1816 3944 2092 4027 ejusdem
2137 3944 2434 4010 ecclesiae
2473 3943 2772 4021 consulta,

290 4050 502 4113 utrum
545 4047 886 4131 capitulum
947 4048 1100 4113 duos
1157 4047 1533 4131 capitulares
1591 4066 1701 4131 pro
1762 4048 1999 4113 duobus
2061 4047 2306 4114 vicariis
2367 4047 2776 4131 generalibus,

286 4151 466 4234 juxta
533 4171 768 4218 morem
835 4152 1264 4233 Gallicanum,
1327 4154 1643 4219 nominare
1708 4156 1945 4237 posset,
2014 4153 2328 4237 respondit
2395 4152 2776 4236 »quaestioni

292 4256 492 4339 quoad
555 4256 1037 4324 nominationem
1107 4258 1366 4323 duorum
1428 4258 1798 4323 vicariorum
1862 4258 2006 4324 sede
2076 4260 2369 4324 vacante:
2434 4277 2619 4338 posse
2684 4265 2772 4321 tu-

294 4346 492 4427 lerdri
517 4359 627 4447 ¹).‹

496 4553 552 4625 1)
573 4552 819 4608 'Journal
853 4552 929 4609 Le
960 4552 1174 4619 Monde,
1210 4552 1292 4607 11.
1325 4551 1472 4607 Mars
1511 4552 1666 4607 1863.

352 4648 540 4698 Archiv
566 4648 648 4697 fiir
677 4648 1057 4697 Kirehenrecht.
1087 4647 1176 4699 1⁴1.
2526 4636 2570 4699 4
