3050 4859
736 610 828 695 ‘m

430 754 581 837 Decreta
607 776 637 837 s.
664 753 786 855 conpr.
813 753 950 835 concilii
979 773 1012 832 a
1039 751 1142 835 1883.

491 936 520 996 1.
556 929 661 999 Onaso
683 930 830 996 Murano
852 936 880 995 et
904 930 1080 995 Potentius.

657 1051 910 1119 Jortsdumats.

267 1171 432 1255 Episcopus
457 1172 624 1259 Coadjutor
656 1172 807 1240 Murenus
840 1172 965 1239 ineunte
995 1190 1075 1237 anno
1106 1172 1188 1236 1877
1219 1170 1258 1235 ad
1288 1186 1408 1234 sacram

162 1273 441 1361 Congregatiouem
475 1278 605 1343 Consilii
638 1278 808 1361 supplicem
850 1276 1027 1341 transmisit
1069 1276 1212 1341 libellum
1246 1290 1408 1357 exponens,

162 1379 265 1444 extare
284 1365 370 1445 iutra
391 1382 467 1447 fines
490 1382 652 1465 blunioipii
675 1382 772 1448 Bello
794 1380 826 1445 in
849 1381 939 1446 leudo
961 1380 1034 1446 olim
1051 1380 1238 1445 Marchionis
1254 1378 1292 1443 de
1309 1376 1408 1443 Bella,

162 1501 243 1549 nunc
266 1503 336 1550 vero
359 1484 509 1569 Principis
533 1486 570 1550 da
593 1485 622 1552 S.
641 1486 779 1564 Antimo,
801 1486 938 1550 ruralem
961 1485 1123 1549 ecclesiam
1144 1504 1163 1548 a
1183 1484 1253 1550 divo
1276 1481 1407 1546 Cataldo

161 1590 388 1671 nuncupatam:
413 1592 444 1653 et
465 1590 610 1673 quoniam
632 1590 781 1674 permulti
804 1589 940 1655 advenae
962 1592 998 1654 ut
1021 1588 1140 1655 balneis
1158 1586 1304 1653 truantur
1326 1586 1407 1649 hunc

160 1691 262 1757 locum
285 1694 405 1776 petunt,
428 1693 500 1758 hino
524 1697 571 1759 est
594 1694 674 1777 quod
698 1693 782 1759 dicta
805 1693 917 1759 ruralis
937 1694 1067 1759 eeclesia
1085 1692 1226 1758 fidelium
1242 1686 1406 1757 oblationi-

160 1796 218 1861 bus
240 1798 273 1861 et
292 1794 451 1881 Principis
467 1798 680 1863 munificentia
704 1798 874 1864 necessario
895 1798 1003 1863 decore
1025 1796 1205 1866 sustinetur.
1251 1793 1405 1877 Quoniam

161 1918 231 1965 vero
263 1901 339 1967 haec
368 1902 480 1967 ruralis
508 1902 638 1969 ecclesia
661 1902 852 1968 Acilianensi
875 1902 997 1968 civitati
1021 1900 1183 1985 (dioecesis
1207 1898 1406 1977 Potentinaol

161 2023 253 2087 prope
276 2006 407 2071 maxime
431 2008 488 2085 est,
510 2007 617 2073 Glerns
641 2007 859 2087 Acilianensis,
884 2006 1057 2071 Ordinariis
1079 2004 1218 2070 Muranis
1240 2003 1406 2087 indulgen-

159 2108 243 2174 trbus
259 2110 290 2174 et
309 2112 589 2191 nonobstantibus,
611 2111 747 2177 audebat
770 2112 849 2176 hanc
871 2110 1033 2177 ecelesiam
1049 2111 1153 2193 petere
1173 2108 1402 2175 celebraturum

160 2212 265 2278 arvina
287 2214 389 2279 onas
408 2198 572 2299 praeopto
595 2216 645 2281 ou
668 2216 747 2282 festo
770 2215 871 2281 sanes
894 2215 1028 2282 oararn.

264 2318 308 2384 Ex
330 2320 389 2385 hac
411 2320 502 2384 nimis
525 2319 699 2404 indulgenti
724 2320 837 2405 agendi
863 2321 983 2385 ratione
1006 2318 1239 2384 ordinariorum
1256 2314 1404 2382 dioecesis

162 2422 328 2501 Murenae,
360 2422 468 2489 eleros
489 2423 705 2490 arilianensis,
720 2424 843 2507 putarit
865 2424 925 2488 sibi
944 2424 996 2506 jus
1019 2424 1202 2506 patronatus
1224 2439 1290 2487 esso
1314 2438 1405 2503 super

160 2526 322 2591 ecclesiam
346 2527 480 2592 ruralem
504 2528 604 2592 saneti
626 2527 764 2606 Cataldi,
787 2530 819 2592 et
841 2528 899 2593 hoc
919 2527 970 2611 jus
992 2527 1077 2591 ultra
1098 2526 1216 2591 limites
1238 2524 1404 2591 extendens

161 2630 350 2695 existimauit
372 2649 460 2715 posse
490 2649 593 2696 omnes
623 2631 851 2699 ecclesiastieae
884 2630 1105 2715 jurisdictionis
1136 2631 1224 2696 aetus
1255 2647 1401 2707 exercere,

160 2737 346 2817 quapropter
367 2752 426 2799 non
449 2736 572 2827 tantum
595 2735 628 2799 in
651 2735 778 2801 ecclesia
801 2736 903 2801 sancti
925 2734 1049 2801 (tetaldi
1077 2734 1180 2800 officia
1208 2733 1312 2799 divina
1335 2751 1404 2816 per-

160 2839 263 2918 solvit,
285 2838 459 2905 inconsulto
479 2838 641 2905 Ordinario
664 2840 805 2919 Murano,
828 2840 997 2905 sedetiam
1018 2840 1085 2905 sine
1107 2838 1327 2923 approbatione
1344 2837 1403 2903 Or·

160 2942 272 3008 dinarii
295 2944 354 3010 loci
377 2944 470 3009 audet
493 2943 631 3010 fidelium
655 2945 858 3011 confessiones
881 2944 1027 3028 excipere.

263 3048 351 3113 Haec
378 3048 479 3132 praxis
511 3048 669 3133 principiis
695 3049 922 3134 jurisdictionis
948 3047 1174 3115 ecclesiasticae
1198 3046 1328 3112 aduersa
1351 3065 1402 3110 ra·

159 3151 320 3217 formanda
340 3152 479 3221 videtur:
509 3155 694 3237 quapropter
717 3172 823 3219 sacrae
847 3152 1103 3237 congregationis
1123 3150 1293 3216 auotoritas
1315 3150 1402 3215 invo-

159 3258 247 3321 catur
269 3258 306 3322 ut
326 3256 452 3322 taudem
476 3257 639 3341 aliquando
662 3258 755 3323 finem
778 3258 918 3339 imponat
938 3257 986 3322 his
1014 3256 1181 3333 abusibus,
1212 3253 1401 3320 decernendo

156 3360 245 3445 juxta
264 3360 343 3446 juris
366 3361 509 3426 tramites
529 3362 613 3427 eirca
631 3363 831 3445 patronatum
858 3380 950 3445 quem
974 3360 1081 3427 Glerus
1112 3359 1320 3426 Acilianensis
1342 3358 1416 3425 sibi.

158 3465 313 3544 vindieat,
349 3468 380 3530 et
409 3466 492 3531 cirea
520 3465 573 3550 jus
607 3466 777 3549 excipiendi
810 3466 1013 3532 confessiones
1043 3464 1183 3530 fidelium
1210 3465 1243 3530 in
1273 3464 1402 3530 ecclesia

158 3570 258 3635 sancti
281 3568 414 3649 (tetaldi,
439 3568 586 3635 dioecesis
607 3569 766 3646 Murenae.

260 3673 402 3758 Impletis
424 3672 599 3757 implendis,
622 3674 762 3758 partibus
786 3674 910 3755 auditis,
934 3674 1074 3759 quaestio
1090 3674 1245 3756 proposita
1261 3673 1323 3738 fult
1338 3672 1400 3738 llll.

158 3778 220 3846 ΡΡ.
244 3778 293 3843 die
319 3779 368 3844 17.
393 3778 554 3845 Februarii
578 3778 660 3843 1883
683 3779 740 3843 sub
764 3778 858 3845 dubio

711 3934 854 4001 Dubium

261 4056 315 4121 Au
335 4062 364 4123 at
386 4058 605 4140 cujusfaoore
628 4064 743 4125 constet
761 4057 800 4123 de
815 4058 1041 4141 jurisdictione
1062 4058 1097 4123 ira
1119 4077 1203 4124 cusu.

261 4160 430 4227 Resolutto.
477 4159 672 4228 affirmative
701 4162 805 4228 favore
835 4162 978 4246 Episcopi
1005 4160 1146 4241 Murani,
1176 4160 1265 4225 firmo
1293 4159 1399 4225 tamen
1517 4237 1518 4240 Ἴ

157 4266 334 4329 remanente
354 4264 424 4349 jure
448 4264 527 4331 Cleri
550 4265 755 4332 Avilianansis
778 4265 946 4351 peragendi
964 4266 1135 4334 functiones
1155 4265 1246 4350 juxta
1260 4263 1398 4342 solitum,

157 4367 291 4451 exceptis
314 4368 563 4451 confessionibus,
587 4391 641 4455 pro
665 4372 777 4455 quibus
800 4371 944 4437 accedere
964 4370 1076 4437 debeat
1096 4369 1234 4455 ejusdem
1257 4368 1399 4453 Episcopi

156 4472 289 4539 facultas
313 4474 345 4541 et
368 4472 510 4558 amplius.
