3050 4859
156 130 219 237 336
295 146 324 201 b'.
344 144 455 217 Oonpr.
476 145 566 207 Cone,
585 147 611 200 7.
629 146 695 201 Jar.
714 147 801 201 1883:
823 147 917 201 Μαεν.
935 149 1095 216 emperiam,
1114 147 1273 203 amantea

155 316 243 385 rochi
265 317 389 383 domum
412 335 538 383 currens
563 316 783 383 exclamaverit
808 318 896 401 »Epo
924 318 1019 401 vireo
1036 338 1127 399 pura
1147 323 1178 383 et
1198 317 1421 383 immaculata

155 443 226 489 sam
254 427 282 487 et
306 422 443 498 monebo,
475 421 621 487 dominans
649 419 792 488 Silvinus
813 428 860 487 est
879 422 1053 489 diobolaa.‹
1103 422 1267 487 Praeterea
1288 438 1417 503 magno

157 526 290 591 clamore
306 526 469 609 aufugiens
485 544 606 589 crucem
622 524 776 608 lapideam
795 524 881 606 iuxta
892 524 1064 591 Ecclesiam
1077 527 1212 591 erectam
1226 524 1420 589 conscendit

157 630 315 697 Christum
340 628 525 695 crucifixum
549 628 736 710 amplexura.
768 628 980 711 Complurium
998 630 1133 695 uirorum
1152 648 1245 712 opera
1259 629 1301 693 de
1317 647 1418 693 cruce

157 733 263 799 infelix
286 734 397 798 mulier
418 735 523 799 amota
542 732 576 797 in
599 733 723 797 domum
747 733 877 799 reducta
897 733 969 810 tuit,
992 736 1026 797 et
1044 734 1168 816 peslero
1187 733 1237 798 die
1252 734 1286 798 in
1301 733 1417 815 bospi-

158 839 216 903 tali
247 837 384 903 curanda
413 837 576 903 translata.
630 838 671 901 At
699 856 770 901 cum
797 856 834 902 ex
861 837 1051 902 medicorum
1081 837 1210 903 consilio
1238 837 1418 903 insanabili

158 943 264 1007 morbo
286 942 426 1007 laborare
446 940 623 1024 judicatum
640 942 730 1018 esset,
755 941 789 1006 in
809 941 899 1008 domo
915 942 1115 1008 delirantium
1132 945 1268 1025 recepta,
1290 942 1417 1025 absque

157 1047 223 1112 ulla
245 1045 415 1112 sanationis
437 1064 490 1127 spa
513 1064 609 1128 usque
632 1045 734 1111 adhuc
756 1046 926 1111 detinetur.

262 1150 318 1213 vir
347 1151 453 1215 tantae
484 1149 673 1215 calamitatis
703 1150 894 1232 persentiens
921 1169 998 1215 onus
1020 1150 1060 1213 ad
1083 1149 1173 1215 civile
1196 1150 1338 1214 tribuual
1361 1168 1417 1214 re-

158 1273 282 1319 cursum
308 1253 417 1318 habuit
439 1254 546 1336 petens
569 1253 618 1319 sui
640 1254 833 1319 matrimonii
857 1254 1034 1319 nullitatem
1051 1273 1087 1318 ax
1102 1254 1226 1319 deiectu
1241 1272 1417 1320 consensus

159 1378 195 1423 er
218 1360 304 1440 parto
326 1357 482 1435 mulieris;
506 1358 537 1421 et
562 1356 611 1423 die
635 1357 685 1422 17.
709 1358 798 1423 Junii
823 1358 904 1423 1881
929 1357 1094 1425 favorabili
1116 1358 1273 1422 sententia
1288 1377 1307 1421 a
1321 1358 1417 1421 cirili

158 1463 312 1547 potestate
335 1462 470 1543 obtenta,
494 1460 631 1553 Siluinus
654 1461 693 1525 ad
716 1460 746 1527 S.
764 1461 798 1527 G.
815 1461 945 1526 Concilii
968 1462 1018 1525 die
1041 1464 1090 1528 10.
1106 1461 1248 1545 Augusti
1267 1461 1415 1543 ejusdem

159 1567 231 1633 anni
254 1566 368 1645 enims,
390 1565 496 1633 oblato
518 1566 624 1635 libello
646 1566 782 1650 porrexit
804 1584 920 1648 preces,
943 1568 1051 1649 petens
1074 1568 1109 1630 ut
1133 1566 1324 1649 praedictum
1341 1585 1417 1630 ma-

159 1671 338 1737 trimonium
362 1670 515 1753 quatenus
538 1670 658 1738 nullum
688 1670 845 1735 declarare
875 1688 935 1735 non
965 1670 1133 1753 placuerit,
1164 1673 1268 1735 tamen
1298 1672 1417 1753 utpote

159 1777 263 1841 ratum
287 1778 318 1839 et
337 1794 399 1839 non
423 1776 637 1839 consumatum
662 1774 890 1856 dispensatione
913 1775 1091 1856 Apostolica
1112 1774 1295 1840 solueretur.

264 1878 310 1943 Da
334 1878 479 1943 mandato
502 1876 532 1944 S.
558 1878 815 1963 congregationis
837 1896 997 1960 processus
1019 1879 1052 1941 in
1075 1877 1168 1943 Curia
1183 1878 1340 1943 Ordinarii
1362 1880 1416 1943 in-

159 1985 297 2049 structus
320 1982 394 2060 luit,
417 1982 517 2065 quoad
541 1986 671 2066 utraque
696 1982 801 2048 cabita
823 1983 970 2065 supplicis
994 1982 1109 2047 libelliz
1132 2001 1240 2066 nempe
1262 1984 1330 2047 tum
1354 2003 1413 2047 su·

159 2106 216 2174 per
236 2087 400 2165 nullitate,
428 2089 497 2151 tum
519 2104 610 2169 super
632 2106 691 2151 non
715 2088 847 2169 sequuta
868 2087 1059 2151 matrimonii
1081 2087 1320 2155 consonatione.
1371 2089 1415 2152 ldt

160 2177 276 2275 primo,
307 2190 407 2274 quoad
429 2190 625 2267 nuditatem,
650 2190 709 2254 duo
732 2190 974 2272 praeclarissimi
994 2192 1052 2255 riri
1074 2210 1109 2256 ex
1131 2190 1234 2257 officio
1256 2192 1301 2255 rei
1324 2192 1414 2255 sani·

160 2295 259 2361 tariae
279 2294 443 2377 praepositi
460 2294 681 2373 declararunt,
705 2296 865 2375 morbum,
888 2315 948 2379 quo
973 2295 1116 2379 virginia
1138 2296 1316 2375 laborabat,
1340 2315 1413 2361 esse

162 2390 264 2465 ueram
288 2398 440 2463 insaniam
462 2398 511 2461 cui
535 2399 690 2476 insaniae,
714 2399 929 2477 declararunt,
953 2400 1049 2465 solere
1073 2400 1253 2481 praeoedere
1272 2418 1327 2481 per
1349 2400 1412 2465 ali-

80 2534 81 2539 *
160 2506 236 2587 quot
258 2502 323 2569 dies
352 2505 471 2568 statum
493 2502 732 2583 melancholiae,
766 2504 820 2586 qui
854 2506 980 2569 vocatur
1013 2504 1157 2587 periodus
1187 2504 1409 2572 incubationis.

160 2606 351 2691 Quapropter
378 2610 507 2691 uterque
538 2607 675 2673 medicus
704 2626 767 2695 suo
789 2608 969 2673 testimonio
995 2608 1128 2673 asseruit
1153 2608 1326 2691 virginiam
1358 2608 1410 2673 die

160 2712 338 2794 nuptiarum
361 2712 454 2775 luisse
477 2730 571 2777 sanae
594 2711 707 2775 mentis
730 2712 895 2793 impotem,
931 2731 966 2777 ac
1001 2712 1098 2776 libero
1126 2714 1160 2776 et
1180 2712 1410 2795 imperturbato

162 2835 219 2881 usu
238 2816 368 2881 rationis
393 2816 424 2879 et
448 2816 617 2880 voluntatis
640 2814 835 2882 destitutam.

266 2920 373 2984 Testes
396 2920 492 2984 etiam
513 2918 552 2983 ad
576 2920 726 2984 Tribunal
742 2919 836 2983 acciti
856 2919 1065 3009 deposuerunt
1086 2938 1119 2983 se
1140 2923 1213 2984 ante
1227 2919 1410 3002 nuptiarum

162 3023 243 3088 diem
267 3019 409 3107 sponsam
436 3023 608 3106 virginiam
631 3024 765 3101 tristem,
787 3024 909 3088 auriam
932 3026 966 3088 et
986 3023 1075 3089 ualde
1097 3024 1258 3107 stupidam
1275 3023 1411 3089 uidisse:

161 3132 194 3195 et
216 3128 366 3211 parochus
397 3128 530 3195 ulterius
559 3128 701 3210 deposuit
733 3128 908 3211 virginiam
938 3130 1093 3211 tempore,
1111 3127 1225 3193 Missae
1260 3129 1412 3211 nuptialis

161 3251 307 3316 sponsum
327 3232 596 3315 interrogasse‘an
618 3234 649 3295 et
673 3232 738 3314 ipse
761 3232 890 3297 vidisset
912 3233 1016 3297 lumen
1045 3232 1241 3315 splendidum
1273 3235 1306 3297 et
1332 3232 1410 3297 duos

163 3336 299 3421 Angelos
323 3354 425 3401 coram
446 3356 479 3401 se
499 3337 628 3403 stantes.
675 3336 737 3400 Alii
762 3354 831 3401 vero
854 3337 952 3401 testes
974 3337 1082 3401 contra
1106 3337 1323 3419 deposuerunt,
1345 3336 1410 3401 imo

162 3440 319 3505 Parocbus
341 3458 469 3521 sponsae
492 3441 630 3505 testatur
659 3459 692 3505 se
721 3440 754 3504 in
786 3439 914 3505 muliere
945 3440 1025 3504 nihil
1058 3440 1139 3523 quod
1169 3440 1409 3504 admirationem

162 3543 313 3609 excitaret
333 3543 456 3623 vidisse,
479 3544 554 3609 licet
577 3544 700 3626 saepius
722 3563 793 3608 cum
813 3563 849 3609 ea
871 3544 1065 3627 loqueretur:
1087 3545 1212 3626 insuper
1227 3544 1282 3634 alii
1298 3545 1409 3608 testati

46 3682 54 3687 -
162 3649 236 3712 sunt
259 3646 431 3730 virginiam
455 3666 547 3712 sanae
572 3647 684 3711 mentis
708 3666 791 3726 esse,
821 3648 994 3713 industriae
1018 3648 1173 3727 deditam,
1196 3650 1229 3713 et
1250 3663 1409 3731 nunquam

162 3750 376 3835 perturbatam
400 3770 432 3816 se
455 3750 641 3835 cognovisse.

265 3854 354 3935 Quod
370 3854 409 3921 ad
430 3856 642 3938 probationem
657 3856 932 3923 inconsumationis
946 3858 1138 3923 matrimonii
1153 3858 1277 3937 attinet,
1295 3876 1409 3941 quam·

163 3958 210 4025 vis
232 3959 346 4025 omissa
375 3960 470 4025 fuerit
499 3960 637 4025 mulieris
663 3960 832 4044 inspectio,
857 3963 963 4027 tamen
988 3962 1034 4027 uir
1054 3963 1112 4026 sub
1132 3961 1325 4046 jurejurandi
1346 3960 1410 4027 lide

162 4064 298 4129 testatus
319 4064 367 4129 est
388 4082 421 4131 se
445 4083 541 4148 neque
564 4066 636 4129 ante
666 4081 765 4149 neque
794 4068 865 4148 post
897 4065 1021 4148 nuptias
1043 4066 1218 4150 virginiam
1242 4066 1411 4131 carnaliter

164 4168 359 4253 cognovisse:
393 4171 426 4233 et
458 4167 530 4233 buic
562 4168 745 4252 depositioni
777 4168 901 4252 juratae
931 4170 1117 4235 concordant
1143 4171 1207 4236 alia
1227 4170 1410 4236 testimonia

163 4272 327 4355 probantia
350 4273 540 4339 matrimonii
562 4274 872 4339 inconsumationem.

268 4376 327 4442 His
346 4379 487 4443 omnibus
510 4378 569 4442 rite
591 4376 749 4459 perpensis
771 4375 996 4441 Consistorium
1019 4378 1132 4442 Curiae
1148 4378 1339 4461 Episcopalis
1354 4379 1410 4444 de-

164 4479 283 4543 cretum
307 4482 453 4565 protulit:
478 4482 509 4551 l,
529 4480 764 4545 Matrimonium
788 4479 901 4544 initum
920 4478 1003 4545 inter
1018 4480 1191 4564 virginiam
1205 4483 1240 4546 et
1252 4480 1407 4549 Silvinum
