3050 4859
182 213 391 283 vereinigten-p
407 230 468 269 von
489 212 686 281 Biadeckopf
700 217 754 268 eiu
773 215 832 267 mit
851 211 994 267 Bisthurn
1013 211 1163 280 Eimharp
1182 210 1288 276 (1882).
1329 193 1392 257 445

153 403 243 449 suum
266 386 347 468 apud
373 384 403 449 S.
428 383 537 449 Sedens
564 382 778 469 Apostolioam
808 384 948 469 legatum
980 384 1020 450 Κ.
1051 382 1195 450 Schldzer
1223 383 1394 452 exhibenda

152 489 286 566 curarit,
317 488 501 570 implorandi
523 489 643 572 gratia,
676 489 713 553 ut
734 487 859 572 aliquod
884 487 1048 555 Paroeciae
1076 490 1170 573 atque
1192 487 1393 557 territoriales

152 593 419 659 circumferentiae
441 592 606 658 hodiernae
631 592 786 659 Dioecesis
808 592 1012 676 Moguutinae
1041 592 1124 658 intra
1151 593 1301 677 Magnum
1326 593 1391 658 Du-

152 699 258 763 catum
280 697 318 762 de
338 697 652 762 Hassis-Darmstadt
680 697 789 762 amodo
807 697 879 762 inde
905 700 1097 780 separentur,
1124 699 1156 762 et
1177 697 1394 781 limburgensi

151 803 201 867 vel
225 802 370 867 Euldensi
386 801 524 867 Dioeeesi
540 801 719 868 concinnius
734 801 932 868 addicentur.
959 801 1094 868 Interest
1107 801 1201 879 euim,
1215 802 1251 867 ut
1263 821 1280 867 e
1293 801 1394 868 medio

153 906 225 971 inde
245 907 396 972 tollantur
417 907 573 989 ambages,
598 925 658 970 non
680 925 789 989 parum
813 905 1024 972 incommodae
1043 906 1076 972 in
1090 906 1136 971 rei
1152 905 1324 989 spiritualis
1339 904 1394 971 ad-

154 1011 398 1088 ministratione,
430 1029 509 1093 quae
539 1010 631 1075 facile
661 1000 734 1074 oriri
762 1010 863 1076 solent
892 1029 927 1076 eu
955 1011 1135 1077 diversitate
1164 1010 1336 1094 spiritualis
1359 1029 1395 1076 ac

151 1115 331 1198 tomporalis
351 1114 586 1198 Jurisdictionis,
607 1115 656 1180 cui
679 1114 785 1198 populi
807 1115 949 1180 subsunt.

214 1264 218 1273 «
256 1220 331 1286 Jam
352 1238 423 1285 vero
444 1221 568 1302 proptor
588 1219 666 1284 haec
687 1222 781 1302 atque
805 1219 868 1285 alia
890 1238 950 1286 non
973 1218 1050 1286 levis
1072 1218 1215 1302 ponderis
1238 1220 1395 1309 momenta

153 1323 285 1408 ipsemet
313 1323 460 1390 Summus
491 1323 651 1402 Pontifex,
685 1323 805 1388 cunetis
838 1323 983 1390 uidelicet
1013 1341 1091 1407 quae
1121 1323 1395 1390 animadvertenda

153 1430 252 1508 eraut,
275 1430 398 1494 maturo
421 1428 547 1494 consilio
569 1428 601 1494 et
621 1427 842 1494 deliberatione
858 1428 1015 1512 perpensis
1034 1427 1212 1512 neutiquam
1229 1426 1395 1504 dubitavit,

153 1551 190 1598 ex
212 1537 298 1598 certa
318 1532 449 1599 seientia
470 1533 616 1617 motuque
639 1532 736 1598 ueluti
756 1532 878 1616 proprio
901 1532 1095 1599 haecomnia
1114 1534 1145 1599 et
1161 1532 1396 1624 singulaquae

153 1640 333 1721 sequuntur,
356 1638 526 1716 decernere,
549 1639 696 1716 statuere,
727 1657 844 1721 suaque
868 1637 1035 1720 apostolica
1055 1637 1174 1704 saneim
1198 1636 1393 1704 auctoritate.

256 1743 281 1807 I.
328 1743 409 1806 Ante
431 1741 535 1807 omnia
554 1741 660 1824 itaque
682 1741 812 1806 attonde
835 1742 994 1807 vacatione
1018 1741 1173 1807 Ecclesiae
1192 1741 1394 1824 Moguntinas

154 1845 193 1909 ad
216 1845 373 1909 indubiam
397 1845 525 1927 hujusce
548 1844 665 1929 negotii
687 1844 857 1912 efficaciam
877 1845 914 1909 de
932 1864 1075 1928 suprema
1088 1846 1266 1928 Apostolica
1279 1846 1395 1910 Aucto·

153 1949 247 2013 ritate
269 1950 356 2014 illius
379 1949 521 2034 Episcopi
542 1949 702 2016 consensui
721 1950 846 2033 supplet
862 1969 978 2015 necnon
997 1950 1127 2015 aliorum
1144 1967 1395 2034 quorumeunque

152 2055 300 2120 interesse
323 2055 504 2120 habentium
526 2073 580 2119 seu
603 2053 753 2136 quomodo
776 2055 853 2120 libet
876 2054 989 2120 habere
1015 2040 1290 2138 praesumentium.

257 2159 298 2222 li.
344 2158 542 2223 Praehabitis
563 2177 653 2242 porro
678 2158 814 2223 consiliis
844 2158 992 2242 initiaque
1022 2178 1093 2224 eum
1119 2159 1259 2243 praefato
1289 2158 1395 2242 magni

155 2264 292 2327 lineatus
315 2262 471 2328 Euberuio
495 2262 767 2329 deliberationibus
792 2262 957 2330 Beatitudo
980 2262 1044 2328 Sua
1061 2263 1094 2329 iu
1113 2261 1251 2328 Decretis
1266 2262 1395 2326 manda·

153 2368 208 2445 rit,
232 2369 269 2431 ut
291 2370 421 2434 vacante
444 2367 535 2432 hodie
558 2367 744 2452 Mogentina
767 2367 905 2433 Ecclesia
928 2368 1116 2452 Episeopali,
1149 2367 1289 2451 protinus
1321 2366 1394 2432 illae

153 2472 222 2536 inde
243 2473 421 2553 separentur
442 2472 535 2553 atque
557 2470 819 2536 dismembrentur
841 2471 995 2554 paroeciae
1013 2491 1074 2538 uua
1090 2491 1161 2536 cum
1182 2471 1246 2538 suis
1262 2471 1395 2537 circum-

153 2575 222 2637 sitis
243 2575 335 2638 terris
357 2576 391 2640 et
412 2574 450 2639 de
473 2593 556 2640 more
579 2573 857 2639 concomitantibus
881 2575 1059 2640 accessoriis
1080 2576 1147 2640 tum
1172 2575 1306 2642 realibus
1326 2577 1393 2640 tum

153 2678 380 2761 personalibus,
410 2697 489 2762 quae
519 2678 677 2760 paroeciae
699 2677 777 2742 inibi
801 2679 964 2744 vernacule
986 2681 1183 2764 appellantur
1202 2679 1394 2756 Rodelheim,

153 2782 325 2865 Honrburg,
346 2782 475 2847 Kirdori
496 2785 588 2864 atque
611 2781 683 2847 iude
706 2782 745 2847 uh
768 2782 835 2865 ejus
854 2782 1068 2867 jurisdictione
1090 2784 1222 2867 exempti
1244 2803 1351 2850 omues
1372 2783 1394 2847 ii

154 2885 305 2951 Catholici
328 2885 552 2951 christifideles
574 2886 628 2969 qui
649 2886 789 2952 incolunt
817 2886 862 2952 ita
892 2887 1007 2952 dietum
1032 2887 1181 2969 circulum
1205 2887 1394 2971 Biedsnhopi

156 2989 293 3056 Dioecesi
305 2990 531 3074 limburgensi,
554 2990 576 3054 ii
598 3009 678 3068 vero,
700 2991 754 3073 qui
778 2989 926 3056 circulum
950 2990 1128 3056 inhabitant
1146 2991 1238 3074 vulgo
1253 2991 1341 3069 Vohl,
1364 2997 1395 3056 et

154 3095 313 3158 districtus
335 3094 428 3177 vulgo
451 3093 606 3159 Eimelrad
636 3094 668 3159 et
697 3093 936 3178 Heringhausen
963 3093 1091 3159 adiuta
1124 3094 1310 3178 Moguntina
1339 3095 1392 3179 ju-

153 3197 330 3262 risdictione
363 3198 479 3280 pariter
512 3197 647 3280 exempti
676 3197 838 3264 Euidensis
866 3198 1009 3281 Episcopi
1036 3196 1245 3282 jurisdictioni
1275 3200 1391 3282 pariter

153 3302 334 3366 subdantur.

256 3405 314 3469 lll.
353 3406 397 3468 Ea
421 3404 520 3488 igitur
542 3424 753 3488 quaecumque
775 3405 871 3471 insita
893 3405 1023 3489 Oppida,
1048 3406 1124 3484 loca,
1150 3407 1324 3488 Paroeciae,
1345 3410 1394 3474 in·

154 3508 236 3573 colae
259 3511 352 3593 atque
375 3528 422 3574 res
445 3510 612 3592 quaelibet,
635 3510 845 3576 ecclesiastica
868 3514 1072 3595 consuetaque
1093 3513 1270 3594 accessoria,
1301 3513 1394 3580 simul

154 3633 190 3679 ac
212 3615 327 3678 luerint
348 3614 408 3700 (uti
431 3618 536 3697 supra)
560 3615 777 3699 limburgensi
792 3616 842 3680 vel
862 3615 1009 3682 Euldensi
1025 3617 1181 3684 Ecclesiae
1204 3617 1393 3703 adjudicata,

154 3738 188 3782 ea
211 3719 349 3800 protinus
372 3719 412 3784 ab
435 3718 589 3784 ordinario
609 3720 778 3802 respective
800 3720 950 3786 Antistite
973 3721 1154 3801 habeantur,
1180 3741 1345 3806 reapsequc
1361 3724 1393 3788 in

154 3823 294 3887 omuibus
317 3825 349 3888 et
371 3843 424 3906 per
446 3823 550 3888 omnia
572 3823 720 3901 debeant,
752 3823 845 3890 sicuti
872 3827 975 3890 estora
994 3825 1229 3908 Limburgensis
1249 3827 1295 3892 vel
1320 3827 1393 3891 Eul-

155 3927 254 3991 densis
276 3928 433 4011 primaeva
456 3927 582 4011 oppida,
605 3928 685 4005 loca,
710 3929 827 3994 incolae
851 3931 944 4013 atque
967 3949 1015 3996 res
1037 3930 1158 4008 haberi,
1182 3929 1255 3996 adeo
1280 3934 1317 3996 ut
1339 3950 1393 4015 pa-

156 4029 320 4095 ritormiter
340 4033 551 4115 gubernentur
574 4034 667 4117 atque
688 4033 955 4102 administrentur.

257 4134 311 4199 IV.
356 4137 561 4218 Quamobrem
586 4138 777 4203 declaratum
802 4142 868 4204 esto
891 4141 927 4204 ut
948 4139 1058 4204 iisdem
1081 4139 1171 4222 plane
1194 4139 1316 4204 subsint
1334 4139 1393 4204 im·

155 4237 372 4320 positionibus,
397 4240 657 4317 ordinationibus,
680 4243 940 4324 praestationibus
961 4245 992 4308 et
1015 4243 1124 4310 ceteris
1147 4243 1318 4326 quibusque
1342 4244 1390 4308 in-

152 4343 373 4425 junctionibus,
396 4363 474 4428 quae
499 4349 658 4410 universae
683 4347 898 4430 limburgensi
922 4348 969 4412 vel
992 4348 1138 4414 Euldeusi
1155 4347 1294 4413 Dioecesi
1310 4367 1392 4412 com-

155 4447 289 4512 muniter
311 4467 346 4513 ex
369 4447 564 4532 generalibus
587 4449 838 4532 dispositionibus
862 4451 1011 4535 valjam,
1043 4453 1092 4518 rel
1123 4453 1251 4535 posthae
1278 4451 1393 4518 luerint

154 4551 324 4636 impositae.
945 4577 947 4584 ’
