3050 4859
240 196 359 260 152
456 210 776 277 Dziatzlw,
823 208 1177 278 Weihbisch.
1212 209 1322 277 far
1362 213 1577 263 (interr.
1619 207 1860 262 Antheil
1895 208 2006 260 der
2047 206 2220 261 Dide.
2261 204 2542 259 Breslau.

968 437 1051 501 In
1097 436 1367 500 Nomine
1406 432 1689 499 Domini.
1775 432 1999 497 Amen.

381 634 387 639 -
441 593 695 659 Cunctis
746 593 843 657 >sit
905 592 1119 656 notum
1184 592 1246 654 et
1306 589 1534 671 ubique
1595 588 1808 671 pateat
1853 586 2015 669 quod
2063 587 2243 651 Anno
2292 605 2328 650 a
2375 585 2726 651 Nativitate

240 696 479 760 Domini
519 696 758 786 ‘Nostri
818 694 971 760 Jesu
1028 693 1263 759 Christi
1329 692 1666 758 Millesimo
1722 690 2253 774 Octingentesimo
2323 689 2725 773 Octogesimo

236 800 434 877 tertiO,
478 800 577 865 die
624 817 766 865 vero
812 798 1135 883 trigesima
1197 798 1395 880 prima
1447 796 1676 860 mensis
1726 794 1995 877 Augusti
2041 793 2450 859 Pontificatus
2515 796 2725 858 autem

236 903 621 969 Sanctissimi
687 902 935 969 Domini
994 900 1209 966 Nostri
1270 902 1490 966 Leonis
1549 902 1755 982 Papae
1821 899 2060 963 Decimi
2121 897 2294 962 tertii
2363 915 2520 962 anno
2593 898 2725 962 eius

236 1010 401 1073 sento
447 1008 578 1090 Ego
622 1007 920 1074 Notarius
953 1005 1343 1089 Apostolicus
1392 1004 1517 1070 vidi
1565 1006 1628 1068 et
1676 1003 1802 1086 legi
1844 1002 2148 1086 quasdam
2193 1002 2437 1068 litteras
2464 1002 2724 1084 Aposto-

236 1115 388 1180 licas
421 1111 544 1180 xsub
586 1111 837 1194 plumbo
881 1110 1235 1192 expeditas,
1268 1108 1497 1174 tenoris
1545 1107 1857 1190 sequentis
1905 1106 2226 1171 videlicet:
2296 1106 2418 1171 Leo
2471 1106 2718 1188 Episco-

236 1235 347 1295 pus
412 1233 624 1279 servus
698 1232 1010 1278 servorum
1079 1213 1191 1277 Dei
1270 1212 1496 1277 dilecto
1574 1211 1699 1275 filio
1771 1211 2096 1298 Francisco
2163 1208 2441 1292 Sniegol'i
2509 1203 2725 1274 Electo

240 1323 465 1386 Tarum.
513 1318 779 1386 salutem
824 1319 889 1382 et
937 1316 1356 1400 Apostolicam
1404 1314 1914 1380 benedictionem.
2003 1314 2405 1397 Apostolatus
2449 1312 2724 1378 officium

240 1422 474 1487 aseritis
536 1421 684 1486 licet
751 1420 1091 1503 imparibus
1131 1420 1327 1488 Nobis
1373 1440 1445 1483 ex
1494 1420 1639 1484 Alto
1686 1419 2079 1485 commissum
2141 1438 2259 1500 quo
2309 1416 2722 1481 Ecclesiarum

236 1525 505 1590 numium
573 1524 862 1608 regimini
933 1524 1157 1589 Divina
1233 1523 1636 1605 dispositione
1703 1522 2121 1605 praesidemus
2201 1521 2442 1585 utiliter
2510 1520 2724 1603 exequi

236 1628 638 1695 ceadiuvante
685 1628 947 1694 Domino
993 1628 1310 1710 cupientes
1354 1627 1608 1693 solliciti
1655 1627 1833 1691 corde
1882 1624 2194 1689 reddimur
2241 1627 2304 1690 et
2351 1624 2606 1689 solertes
2654 1627 2723 1688 ut

240 1752 376 1799 cum
425 1733 501 1798 de
548 1732 962 1800 Ecclesiarum
1010 1732 1281 1814 ipsarum
1330 1731 1736 1815 regiminibus
1782 1731 1992 1813 agitur
2049 1728 2507 1794 committendis
2565 1729 2723 1792 tales

236 1839 324 1899 eis
369 1836 433 1901 in
476 1838 750 1919 pastores
782 1835 1111 1919 praeficere
1146 1834 1523 1912 studeamus,
1567 1835 1672 1918 qui
1709 1834 1972 1917 populos
2003 1834 2272 1916 ipsorum
2307 1852 2489 1898 curae
2521 1831 2716 1897 credi-

240 1947 332 2003 tas
373 1941 575 2006 sciant
624 1959 744 2004 non
787 1940 985 2005 solum
1034 1939 1315 2004 doctrina
1359 1938 1548 2016 verbi,
1615 1939 1722 2003 sed
1770 1937 2281 2019 etiam-exemplo
2324 1936 2466 2001 boni
2526 1936 2723 2020 operis

236 2047 583 2122 informare,
632 2044 1110 2126 commissasque
1156 2044 1243 2107 eis
1289 2043 1602 2108 Ecclesias
1648 2043 1711 2106 in
1765 2043 1934 2109 statu
1982 2041 2232 2125 pacifico
2281 2042 2342 2105 et
2387 2040 2722 2124 tranquillo

240 2147 431 2211 reiint
478 2151 541 2211 et
584 2146 853 2224 valeant,
889 2149 1140 2211 auctore
1174 2146 1435 2211 Domino
1480 2146 1809 2211 salubriter
1845 2165 2054 2229 regere
2098 2148 2161 2209 et
2203 2145 2466 2210 feliciter
2497 2145 2722 2227 guber-

244 2269 406 2316 nare.
499 2250 747 2324 Dudum
796 2249 1100 2334 siquidem
1156 2250 1529 2333 provisiones
1579 2250 1990 2316 Ecclesiarum
2054 2250 2326 2315 omnium
2394 2251 2544 2313 tunc
2614 2268 2720 2312 va·

240 2354 518 2419 vantium
584 2356 648 2419 et
717 2355 779 2418 in
850 2356 1162 2436 posterum
1234 2357 1670 2419 vacaturarum
1745 2354 2120 2418 ordinationi
2189 2355 2251 2418 et
2336 2352 2722 2435 dispositioni

240 2459 499 2523 Nostrae
543 2457 993 2522 reservavimus
1042 2458 1454 2522 Decernentes
1497 2477 1567 2522 ex
1614 2459 1762 2521 tunc
1810 2457 2050 2523 irritum
2109 2458 2402 2540 ettinane
2449 2457 2502 2519 si
2548 2476 2722 2521 secus

240 2580 416 2643 snper
463 2560 561 2625 his
603 2579 710 2643 per
753 2579 1169 2644 quoscumque
1216 2561 1433 2643 quavis
1487 2561 1880 2627 Auctoritate
1919 2561 2182 2627 scienter
2225 2561 2319 2625 vel
2367 2562 2722 2643 ignoranter

240 2665 625 2748 *santingeret
684 2664 1003 2730 attentari.
1097 2664 1494 2729 Postmodum
1542 2684 1685 2731 vero
1731 2665 2078 2748 Episcopali
2124 2665 2398 2729 Ecclesia
2457 2664 2723 2729 Titulari

240 2771 467 2833 sl'anen.
538 2768 603 2832 in
667 2769 949 2852 Aegypto
1011 2769 1123 2832 sub
1198 2768 1669 2851 Archiepiscopo
1741 2769 2086 2835 Damiaten.
2161 2769 2260 2833 cui
2334 2768 2721 2833 Venerabilis

236 2875 422 2938 etiam
470 2856 688 2937 Frater
734 2872 961 2937 Noster
1001 2871 1229 2955 Joseph
1260 2872 1576 2942 Cavaliere
1625 2872 1746 2954 jam
1782 2873 2115 2955 Episcopus
2143 2872 2374 2940 Tanen.
2426 2875 2487 2937 et
2523 2871 2722 2937 Coad-

236 2979 399 3055 inter
466 2976 799 3058 deputatus
856 2975 1182 3059 quondam
1222 2977 1371 3041 tunc
1435 2978 1498 3042 in
1559 2976 1844 3043 humanis
1909 2977 2120 3061 agenti
2182 2978 2337 3042 bona
2393 2965 2721 3041 memoriae

240 3080 474 3147 Mariae
544 3080 779 3145 Aloisio
853 3080 1084 3146 Lembo
1154 3080 1216 3143 in
1294 3082 1595 3164 regimine
1660 3084 1724 3145 et
1797 3081 2337 3146 administratione
2410 3081 2720 3146 Ecclesiae

236 3187 555 3248 [jetronen.
606 3202 743 3247 cum
788 3184 999 3248 sutura
1044 3184 1108 3248 in
1154 3184 1265 3249 illa
1311 3184 1692 3249 successione
1721 3184 1944 3249 ultimo
1983 3185 2114 3250 loco
2145 3186 2534 3267 praesidebat
2580 3205 2720 3249 cum

240 3290 494 3361 Decreto
541 3287 603 3352 in
650 3288 1001 3370 hujusmodi
1053 3288 1484 3369 praefectionis
1528 3290 1592 3352 et
1652 3288 2070 3371 deputationis
2119 3289 2372 3353 Litteris
2442 3289 2720 3371 apposito

236 3391 426 3471 quod:
464 3391 707 3457 ‘statim
764 3410 836 3455 ac
878 3392 1194 3474 praefatae
1240 3393 1642 3458 successionis
1689 3412 1868 3459 casus
1931 3394 2233 3458 evenisset
2281 3393 2448 3458 dicta
2491 3393 2718 3458 Tanen.

240 3495 510 3560 Ecclesia
558 3498 803 3560 vacaret
843 3515 912 3559 eo
957 3496 1121 3578 ipso:
1197 3516 1355 3560 nunc
1400 3497 1600 3562 eidem
1645 3497 2017 3562 successioni
2065 3498 2141 3564 ad
2190 3497 2360 3562 effati
2408 3496 2719 3561 Francisci

240 3603 525 3677 t'arorem,
568 3598 747 3683 juxta
787 3600 1186 3665 enunciatum
1235 3600 1566 3667 Decretum
1608 3601 1739 3665 loco
1780 3602 1942 3666 facto
1976 3603 2240 3683 pastoris
2273 3597 2497 3666 solatio
2531 3600 2722 3665 desti-

236 3707 404 3781 tuta,
468 3702 599 3768 Nos
660 3702 976 3774 vacatione
1042 3702 1397 3785 hujusmodi
1458 3703 1578 3769 fide
1645 3704 1848 3789 dignis
1914 3706 2213 3771 relatibus
2275 3705 2596 3769 intellecta
2641 3704 2718 3768 ad

240 3805 638 3887 provisionem
689 3806 871 3889 hujus
909 3807 1218 3872 Ecclesiae
1262 3808 1521 3873 celerem
1569 3810 1631 3873 et
1673 3808 1917 3873 felicem
1965 3809 2028 3874 in
2073 3829 2195 3892 qua
2239 3810 2444 3874 nullus
2479 3810 2724 3892 praeter

244 3911 364 3976 >Ins
408 3929 471 3977 se
520 3910 933 3976 intromittere
981 3912 1185 3994 potuit
1229 3912 1356 3977 sive
1404 3914 1609 3994 potest
1667 3914 2080 3979 reservatione
2140 3917 2203 3978 et
2250 3915 2509 3981 Decreto
2555 3914 2719 3977 obsi-

236 4014 543 4081 -zmntibus
590 4014 1000 4097 supradictiS,
1056 4016 1327 4097 paternis
1376 4018 1437 4081 et
1497 4016 1784 4081 sollicitis
1816 4016 2070 4088 ,studiis
2133 4018 2522 4083 intendentes
2586 4020 2722 4100 post

236 4118 736 4185 deliberationem
782 4138 969 4201 quam
1017 4119 1093 4185 de
1132 4120 1541 4202 praeficiendo
1589 4121 1734 4184 huic
1783 4121 2092 4186 Ecclesiae
2135 4140 2456 4203 personam
2499 4122 2719 4186 utilem

236 4243 308 4287 ae
364 4223 552 4289 etiam
614 4223 1033 4301 fructuosam,
1102 4243 1239 4289 cum
1289 4224 1779 4316 Venerabilibus
1818 4225 2113 4289 fratribus
2161 4226 2405 4290 Nostris
2473 4228 2723 4291 sanctae

240 4327 545 4391 Hamanae
594 4326 905 4391 Ecclesiae
954 4327 1387 4393 Cardinalibus
1437 4329 1765 4396 habuimus
1813 4328 2202 4412 diligentem,
2236 4329 2483 4393 demum
2531 4328 2608 4394 ad
2658 4331 2720 4393 te

232 4431 308 4495 fle
352 4431 635 4513 legitimo
686 4432 1077 4497 matrimonio
1122 4452 1192 4495 ex
1239 4432 1584 4509 catholicis,
1635 4433 2024 4515 honestisque
2074 4434 2428 4515 parentibus
2464 4434 2523 4496 in
2557 4433 2720 4497 Civi-

236 4539 363 4599 tate
414 4533 815 4601 Teschinensi
875 4536 1186 4602 dioeceseo
1234 4536 1698 4602 Wratislavien.
1761 4537 2150 4619 progenitum
2217 4539 2281 4602 et
2337 4538 2403 4602 in
2466 4540 2717 4620 septua-
