3050 4859
261 196 1258 271 ’16611116661661666661666.6166166111666.
1332 179 1392 249 181

139 376 226 441 Item
251 375 434 441 6616161166
456 375 562 439 nostra
584 371 873 438 666116616166111
896 370 1253 455 telesia-quemquem
1271 373 1341 439 aliis
1362 376 1395 441 et

139 480 283 546 inimicis
306 482 338 543 et
361 478 492 544 artibus.
528 477 672 543 Inierunt
694 494 781 541 arma
797 475 951 541 catholico
966 475 1082 541 nomini
1100 495 1158 542 non
1176 478 1243 543 tam
1265 480 1392 558 externi,

137 605 239 667 quam
264 583 436 661 domestici,
460 582 620 647 incruento
642 580 696 646 sed
712 580 777 645 aori
799 582 905 645 161161
927 579 1198 664 luuestissimoque
1213 583 1391 651 certamine.

139 688 321 771 Eodemque
350 688 489 770 tempore
520 687 620 769 ipsam
657 685 842 768 potestatem
885 684 1057 768 principum
1088 686 1258 753 convellere
1290 686 1393 753 adorti

138 795 228 868 sunt,
251 791 454 874 pessimisque
478 790 629 856 doctrinis
650 789 836 872 perturbant
857 789 998 854 funditus
1025 789 1221 872 disciplinam
1245 791 1391 883 6111116116.

138 898 292 963 Jamvero
315 895 355 959 ad
377 895 548 959 sanandum
573 896 696 960 tautum
729 893 844 957 malum
876 893 958 957 inest
989 894 1022 959 iu
1043 893 1200 959 Ecclesiae
1222 896 1392 963 catholicae

139 1002 300 1065 institutis
317 999 417 1063 virtus
433 999 578 1064 mirifica:
599 999 645 1062 ita
661 999 706 1075 ut,
729 998 892 1080 utriusque
916 998 1081 1079 potestatis
1097 999 1193 1066 amico
1208 1001 1392 1083 conspiratis

139 1106 273 1183 uiribus,
298 1105 398 1169 multo
417 1105 523 1187 posset
545 1102 717 1186 expeditius
741 1102 994 1187 praesentiusque
1010 1103 1113 1185 parari
1127 1104 1308 1171 remedium.
1332 1104 1392 1171 At·

139 1229 204 1293 qne
228 1210 314 1285 baec,
338 1226 417 1290 quae
446 1208 510 1273 Nos
542 1210 608 1273 tam
640 1226 734 1289 saepe
756 1224 1050 1286 commemoramus,
1072 1209 1194 1275 utinam
1218 1209 1249 1275 in
1272 1210 1391 1277 animos

140 1314 306 1379 hominu-m
331 1312 496 1395 aliquando
528 1313 735 1395 penetrarent.
782 1310 877 1395 Oujus
911 1311 956 1376 rei
983 1328 1076 1377 causa
1105 1313 1270 1393 vellemus,
1301 1316 1391 1399 quot·

139 1420 220 1502 quot
240 1417 356 1500 ntique
375 1417 448 1480 sunt
469 1415 523 1499 qui
545 1414 718 1481 Ecclesiam
748 1433 820 1479 nere
849 1414 992 1499 diligant,
1016 1434 1209 1481 communem
1232 1422 1390 1501 parentem

140 1522 351 1586 suamfortcs
379 1520 412 1585 et
439 1520 570 1585 animosi
604 1518 818 1598 defenderent,
850 1518 1028 1602 eidemque,
1063 1538 1123 1602 quo
1152 1523 1255 1603 posset
1277 1541 1389 1589 manns

139 1646 236 1691 suum
258 1625 297 1689 ad
320 1626 454 1689 salutem
484 1624 637 1707 privatam
666 1643 702 1688 ac
728 1622 884 1705 publicam
914 1623 1103 1689 commodius
1131 1624 1269 1703 efficere,
1300 1645 1389 1693 suam

139 1730 261 1813 singuli
298 1747 421 1811 operam
451 1728 654 1811 praestarent.
700 1726 852 1809 Quoniam
883 1746 953 1793 uero
988 1729 1140 1795 usitatum
1176 1728 1311 1796 inimicis
1342 1732 1389 1797 est

137 1834 266 1917 scriptis
288 1825 468 1915 praesertim
484 1832 673 1916 quotidianis
690 1832 912 1897 aduocandum
931 1832 1028 1910 611111,
1045 1833 1225 1917 intelligant
1241 1833 1388 1901 catholici

140 1939 211 2015 1111,
237 1938 347 2021 quanti
369 1938 493 2013 referat,
517 1939 554 2002 nt
568 1936 601 1999 11
620 1937 679 2000 hac
699 1936 907 2001 dimicationis
923 1936 1022 2001 torma
1038 1956 1097 2003 non
1115 1938 1238 2022 segnior
1254 1937 1388 2007 (16161616

137 2062 236 2127 quarn
260 2042 450 2125 oppugnatio
472 2041 523 2105 sit.
570 2040 1084 2125 1111111611611661611116116
1107 2042 1288 2120 rationibus,
1312 2043 1387 2109 haec

137 2147 239 2211 Nobis
262 2146 385 2218 ridetur
408 2145 496 2209 valde
519 2144 699 2227 probabilis,
721 2145 754 2209 et
776 2144 900 2211 omuino
923 2145 1157 2213 accommodata
1184 2148 1387 2230 temporibus,

140 2253 260 2334 scripta
277 2250 400 2332 scriptis
415 2249 561 2325 refutare,
577 2251 609 2313 et
623 2248 772 2314 insidiosa
788 2248 1034 2315 adversariorum
1050 2250 1183 2317 artificia
1199 2252 1386 2319 convincere.

246 2356 314 2419 Tuo
343 2374 431 2433 vero,
464 2353 658 2418 Venerabilis
686 2354 814 2433 Frater,
838 2354 947 2438 tuique
970 2354 1042 2419 istic
1063 2354 1095 2420 in
1119 2357 1298 2439 episcopatu
1319 2357 1383 2423 col-

138 2460 249 2543 legae,
274 2477 350 2543 quos
372 2460 476 2523 tecam
499 2458 616 2540 pariter
638 2476 690 2540 per
714 2458 769 2522 has
792 2457 915 2523 litteras
936 2458 1069 2524 Nostros
1085 2460 1290 2543 alloquimur,
1314 2461 1386 2527 date

137 2582 282 2647 operam,
310 2565 346 2627 nt
376 2562 620 2645 expectationem
651 2561 798 2626 desiderii
826 2562 932 2627 Nostri
965 2562 1152 2653 auctoritate
1175 2564 1386 2649 sapientiaque

137 2670 245 2733 vestra
279 2653 480 2750 proviribus
509 2666 666 2749 expleatis.
712 2665 855 2730 Gauisuri
885 2684 991 2731 snmus
1015 2686 1070 2733 uec
1093 2668 1250 2735 Ecclesiae
1275 2670 1385 2749 solum,

136 2772 307 2837 sedetiam
337 2772 489 2853 Imperio,
516 2771 543 2836 si
573 2771 742 2837 saecularis
773 2771 924 2835 memoria·
951 2772 1136 2838 nobilissimi
1164 2774 1315 2857 triumphi
1345 2775 1385 2841 ad

136 2876 324 2941 firmandam
348 2876 480 2939 valuerit
502 2876 599 2939 totius
622 2874 758 2939 nationis
777 2877 899 2940 vestrae
919 2894 991 2941 cum
1014 2878 1192 2960 Apostoliea
1211 2877 1290 2945 Sede
1313 2898 1385 2945 eou-

136 2980 275 3045 cordiam
298 3000 335 3045 ac
354 2979 613 3058 benevolentiam,
637 2978 810 3061 cujusmodi
833 2980 864 3043 11
886 2980 940 3045 1116
964 2981 1112 3064 temporis
1132 2982 1263 3064 vestigio
1283 2982 1384 3050 fauste

101 3091 107 3104 '
135 3084 271 3149 teliciter
289 3084 395 3148 eluxit.
442 3084 505 3148 Nos
524 3083 647 3166 quidem
671 3083 829 3148 uobiscum
853 3084 957 3149 auimo
980 3087 1012 3149 61
1035 3084 1193 3149 uoluntate
1216 3086 1383 3168 conjuncti,

136 3188 320 3253 nominatim
349 3188 382 3252 in
416 3188 471 3252 hos
504 3188 658 3269 proximus
688 3187 772 3265 dies,
806 3188 979 3253 moerere
1011 3188 1112 3253 Deum
1142 3189 1383 3272 omnipotentem

137 3293 226 3357 enixe
247 3291 450 3369 studebimus,
472 3293 507 3355 ut
529 3291 722 3357 carissimum
745 3292 779 3355 in
802 3290 926 3357 Christo
948 3291 1047 3357 lilium
1064 3292 1213 3359 Nostrum
1230 3293 1383 3361 Froooce's-

135 3418 206 3462 cum
237 3396 410 3477 Jeoepbem
443 3393 681 3478 Imperatorem,
717 3396 945 3479 augustamque
977 3395 1101 3461 domum
1135 3382 1212 3481 'Ejus
1243 3398 1381 3482 sospitet,

136 3500 280 3574 tueatur3
305 3502 337 3564 et
359 3500 502 3564 universo
523 3500 656 3583 Imperio
687 3499 820 3583 benigne
848 3500 1158 3587 largiatursalutem
1181 3504 1214 3569 et
1234 3503 1300 3572 sine
1319 3504 1383 3569 ulla

15 3677 18 3681 ¹
136 3603 303 3669 oflensione
325 3604 596 3686 tranquillitatem.
642 3604 712 3670 Tibi
742 3604 868 3674 interim
894 3604 1064 3689 ceterisque
1093 3606 1259 3690 llpiscopis,
1284 3606 1381 3686 Olera,

135 3708 309 3792 populoque
332 3727 368 3772 611
391 3708 528 3786 Austris,
552 3728 588 3772 611
611 3708 784 3792 Hungaria,
808 3709 997 3775 uberrimam
1017 3710 1198 3777 caelestium
1221 3730 1381 3779 munerum

136 3812 256 3895 copiam
276 3812 496 3894 imploramus:
527 3831 655 3895 quornm
686 3813 843 3896 auspicem
875 3815 906 3879 et
936 3814 1119 3897 praecipuae
1152 3815 1381 3883 benevolentiae

135 3916 270 3981 Nostrae
292 3916 415 3992 testem,
449 3916 658 3998 Apostolicam
682 3917 927 3982 benedictionem
958 3917 1109 3984 universis
1131 3920 1380 4001 peramanterin

136 4020 270 4086 Domino
291 4020 496 4102 impertimus.

241 4142 358 4207 Datum
392 4142 510 4207 Romae
537 4143 619 4227 apud
642 4143 670 4209 S.
696 4144 822 4209 Petrum
853 4144 903 4207 die
932 4145 984 4209 30.
1016 4144 1152 4227 Augusti
1182 4163 1261 4209 anno
1289 4145 1379 4224 1883,

138 4244 343 4311 Pontificatns
364 4245 470 4311 Nostri
494 4246 583 4311 Auno
606 4247 705 4313 Sexto.

1021 4354 1085 4419 Leo
1107 4353 1169 4417 ΡΡ.
1186 4351 1275 4417 XIII.
