3050 4859
2061 7 2162 26 vssffl*
2182 8 3027 168 ’*

2468 93 2477 103 ¹

265 151 387 215 182
472 165 897 235 Suculae-scier
932 168 1043 221 dcv·
1081 166 1421 238 Befrciuny
1464 166 1914 238 Oesterr.-Uny.
1951 182 2076 222 von
2108 168 2231 222 den
2274 145 2522 241 Tarlfen
2555 146 2744 221 1683.>

43 328 64 400 ἒ..

262 348 324 408 4.
370 342 650 407 Adrcsse
693 341 805 406 der
848 346 1065 406 δείενν.
1100 340 1400 423 Bischcfe
1440 363 1530 406 an
1567 341 1686 406 den
1718 341 1779 407 h.
1821 340 2010 406 Vater
2040 361 2178 406 vom
2210 346 2320 407 12.
2351 338 2515 419 Sept.
2552 344 2748 406 1883.

473 461 587 527 Ι)16
633 481 739 526 zur
780 460 1188 527 Sacularfeier
1233 461 1295 525 in
1345 462 1529 527 Wien
1572 462 2047 527 versammelten
2087 461 2376 527 Bischofe
2418 460 2755 525 Cisleitba-

37 533 56 655 1
264 567 437 632 1116113
497 566 1035 631 unterzeichneten
1097 585 1198 630 am
1269 568 1365 632 12.
1415 565 1778 650 September
1827 566 1992 630 1883
2051 566 2338 649 folgende
2400 566 2592 629 sehon
2649 584 2757 630 vor

264 670 604 736 Eintreffen
648 669 756 735 des
783 665 1172 735 ‘vorstehend
1220 670 1676 753 mitgetbeilten
1724 669 2109 753 papstlichen
2148 670 2372 734 Breves
2414 671 2757 753 angeregte

268 776 389 839 111111
434 774 732 840 versasste
785 772 1437 859 Huldigungsadresse
1498 795 1575 838 an
1636 773 1752 838 den
1817 774 2044 857 Papst·,
2112 774 2336 838 welche
2397 775 2480 838 33
2532 774 2753 838 Unter-

264 878 559 943 sehriften
604 879 799 962 tragt,
844 878 1054 942 indem
1101 878 1199 943 die
1247 898 1346 943 am
1394 878 1772 944 Erscheinen
1800 878 2235 943 verbinderten
2267 878 2552 943 Biscbofe
2577 877 2756 943 einen

264 983 555 1066 Cullegen
604 1001 711 1046 zur
756 982 1299 1066 Unterzeichnung
1339 982 1855 1065 bevollmachtigt
1899 975 2155 1049 hatten}

390 1084 397 1092 ’
473 1086 862 1153 Beatissimae
905 1086 1149 1151 Pater!
1207 1085 1496 1152 Divinam
1545 1086 2019 1169 providentiam,
2067 1105 2223 1168 quae
2273 1085 2497 1152 cuncta
2543 1085 2606 1149 in
2640 1086 2747 1150 ho-

268 1191 502 1255 minum
558 1191 825 1255 salutem
892 1190 1203 1274 sapienter
1272 1190 1542 1273 disponit
1603 1191 2053 1273 impiorumque
2117 1190 2374 1255 consilia
2434 1190 2760 1254 confundit

268 1293 628 1377 saepiusque
673 1294 766 1358 ita
807 1312 874 1359 se
920 1293 1316 1369 manifestat,
1363 1295 1436 1357 ut
1482 1313 1598 1358 non
1648 1295 1952 1375 possimus
2000 1313 2119 1358 non
2167 1294 2480 1359 confiteri:
2530 1295 2584 1357 A
2633 1295 2758 1358 Do·

268 1403 434 1463 mino
478 1397 712 1462 factum
760 1400 855 1463 est
897 1398 1065 1462 istud
1114 1400 1179 1461 et
1222 1399 1318 1463 est
1364 1399 1651 1462 mirabile
1694 1399 1756 1462 in
1806 1400 1999 1463 oculis
2047 1398 2364 1473 Nostris3«
2409 1399 2577 1462 6111111
2614 1398 2756 1481 qui-

268 1503 405 1567 dem
449 1503 726 1586 tempore
768 1502 1129 1585 cumprimis
1176 1504 1385 1567 autem
1428 1503 1720 1567 hodierno
1767 1503 1866 1566 die
1909 1502 2160 1585 perenni
2195 1504 2488 1567 memoria
2520 1502 2762 1583 dignis-

268 1611 423 1672 simo
469 1607 721 1671 adorare
764 1606 1205 1689 compellimur,
1255 1626 1372 1689 quo
1418 1606 1654 1671 duobus
1701 1607 1965 1671 saeculis
1999 1610 2143 1671 ante
2177 1606 2553 1683 Vindobona,
2595 1607 2764 1671 alma

272 1711 561 1777 AustrIae
604 1707 858 1794 Imperii
902 1711 1276 1795 metropoliS,
1327 1731 1363 1775 a
1410 1710 1676 1776 terribili
1708 1711 2048 1776 Turcarum
2080 1711 2395 1776 obsidione
2435 1711 2762 1794 sexaginta

272 1815 403 1880 dies
464 1809 553 1882 et'
588 1834 778 1879 unum
846 1815 1108 1879 durante
1162 1816 1421 1880 collecto
1467 1816 1738 1880 exercitu
1785 1815 2071 1879 auxiliari
2117 1815 2544 1898 imperialiac
2592 1816 2762 1896 prin-

272 1919 475 2003 cipum
529 1918 1042 1995 christianorum,
1104 1919 1269 1983 inter
1327 1939 1477 2001 quos
1538 1920 1736 1984 claros
1793 1920 2185 1984 clarissimus
2236 1920 2602 1984 Polonorum
2656 1938 2763 1984 rex

276 2023 545 2088 Ι1116111163
594 2021 709 2088 III.
758 2023 1039 2101 eminuit,
1086 2023 1215 2088 Deo
1246 2023 1616 2106 propitiante
1647 2024 2017 2089 mirabiliter
2050 2024 2314 2088 liberata
2336 2024 2401 2088 et
2424 2024 2761 2106 Augustis-

276 2131 430 2192 simo
461 2127 829 2210 Imperatori
869 2127 1173 2210 Leopoldo
1207 2127 1253 2193 I.
1296 2146 1487 2211 aeque
1530 2128 1628 2211 pio
1675 2147 1746 2192 66
1783 2128 1976 2212 justo,
2023 2128 2164 2192 miti
2204 2128 2492 2212 pacisque
2521 2128 2762 2192 amanti

276 2231 518 2299 reddita
558 2236 671 2297 est.

485 2334 933 2401 »Mirabiliter«
986 2334 1250 2401 dicimus
1294 2355 1507 2401 revera
1555 2356 1673 2401 11611
1714 2335 2059 2411 immerito;
2124 2336 2272 2401 licet
2320 2337 2483 2401 enim
2533 2337 2763 2401 fidelis-

272 2443 465 2507 simus
518 2440 672 2539 ille—-
689 2439 927 2524 patriae
982 2442 1044 2504 et
1105 2442 1400 2505 ecclesiae
1439 2439 1612 2505 ‘filius
1659 2440 1876 2505 Comes
1922 2441 2218 2505 Ernestus
2265 2440 2538 2524 Riidiger
2585 2423 2759 2505 Star—

274 2545 571 2628 hemberg
608 2544 919 2627 ceterique
966 2544 1157 2627 ipsius
1202 2546 1438 2609 strenui
1484 2546 1636 2610 socii
1686 2564 1756 2609 66
1803 2545 2031 2611 milites
2076 2545 2299 2623 fortes,
2367 2546 2563 2623 civeS,
2625 2547 2762 2610 stu-

276 2649 429 2715 (111131
476 2652 538 2714 et
583 2649 791 2715 clerici
836 2649 1102 2732 praeviis
1148 2650 1466 2733 Episcopis
1514 2649 1973 2715 Vindobonensi
2030 2650 2309 2715 Emerico
2356 2669 2428 2715 ac
2472 2663 2782 2732 praeser:

276 2755 391 2819 11111
439 2753 870 2818 Neostadiensi
916 2752 1327 2833 Kollonitsch,
1377 2754 1553 2838 cujus
1602 2754 1898 2819 memoria
1942 2773 2256 2836 nunquam
2292 2754 2615 2834 delebitur,
2666 2754 2762 2819 111-

276 2858 467 2923 fracto
532 2858 737 2922 animo
798 2857 877 2921 ad
927 2860 1268 2923 extremum
1318 2878 1509 2942 usque
1556 2858 1845 2943 spiritum
1894 2859 1973 2922 ad
2015 2860 2232 2923 urbem
2278 2860 2606 2942 capitalem
2654 2860 2761 2923 de-

276 2961 641 3027 fendendam
685 2962 891 3045 parati
938 2963 1175 3041 essent,
1221 2962 1296 3027 de
1342 2982 1413 3027 66
1454 2965 1705 3040 tamen,
1754 2963 1927 3047 cujus
1973 2963 2207 3027 vallum
2255 2966 2392 3028 tum
2437 2963 2761 3028 ferocitate

272 3067 617 3151 impetuum
659 3066 1000 3131 Turcarum
1041 3067 1324 3150 quamvis
1356 3067 1540 3132 toties
1572 3068 1955 3151 repulsorum
1989 3067 2229 3151 quoties
2264 3069 2587 3146 factorum,
2623 3069 2758 3131 tum

276 3175 439 3235 terra
480 3170 649 3255 ignis
695 3171 1081 3236 subterranei
1136 3170 1194 3235 vi
1253 3172 1576 3254 frequenta
1635 3173 1896 3237 subruta
1952 3172 2086 3255 jam
2106 3171 2435 3236 *exitiosas
2492 3172 2766 3236 ostendit

276 3276 606 3359 ruptiones,
667 3275 897 3358 absque
943 3274 1129 3341 dubio
1176 3277 1384 3340 actum
1433 3279 1496 3342 et
1542 3276 1995 3341 conclamatum
2027 3276 2269 3356 fuisset,
2320 3276 2372 3341 si
2406 3275 2764 3341 notissimus

276 3379 377 3443 ille
424 3378 767 3445 Turcarum
813 3378 932 3443 dux
979 3378 1135 3445 Cara
1167 3380 1521 3463 Mustapha,
1572 3380 2011 3445 dominationis
2045 3381 2463 3464 honorumque
2494 3400 2613 3444 non
2649 3380 2765 3444 mi-

276 3503 389 3549 nus
437 3502 510 3548 66
547 3482 911 3548 divitiarum
957 3484 1216 3567 cupidus
1260 3487 1325 3549 et
1370 3484 1604 3550 nomini
1638 3484 1991 3550 Christiano
2035 3485 2484 3549 infensissimus
2524 3484 2766 3549 ultimis

276 3586 751 3671 oppugnationis
797 3587 1031 3667 diebus,
1081 3589 1415 3671 antequam
1463 3588 1766 3654 exercitus
1813 3589 2151 3668 auxiliaris,
2204 3590 2304 3655 cui
2341 3588 2540 3652 multa
2573 3608 2766 3671 eaque

276 3691 544 3756 maxima
586 3689 1030 3775 impedimenta
1074 3694 1424 3775 superanda
1466 3694 1665 3773 erant,
1721 3692 2113 3760 vindobonae
2143 3693 2323 3757 valde
2349 3711 2594 3776 pressae
2626 3712 2764 3757 suc-

280 3815 484 3861 6111616
528 3797 793 3879 poterat,
837 3796 1109 3879 impetus
1155 3797 1540 3877 renovasset,
1588 3797 1784 3880 quod,
1833 3798 1980 3863 licet
2027 3798 2414 3862 obsessorum
2459 3797 2764 3863 conditio-

276 3918 416 3967 nem
463 3899 778 3983 cognitam
821 3900 1102 3980 haberet,
1148 3905 1316 3967 certe
1363 3901 1495 3968 Deo
1541 3902 1908 3986 prohibente
1953 3902 2016 3966 in
2063 3903 2333 3968 salutem
2379 3902 2607 3968 civium
2646 3922 2763 3967 non

276 4004 442 4085 feeit,
490 4022 746 4088 quorum
793 4005 1046 4088 plurimi
1086 4007 1238 4071 urbe
1278 4009 1459 4090 capta
1504 4008 1616 4071 aut
1660 4007 1897 4072 tradita
1942 4007 2040 4072 vel
2071 4007 2560 4073 crudelissimam
2602 4026 2764 4072 mor-

280 4117 404 4175 tem
452 4109 547 4175 vel
592 4108 995 4175 durissimum
1039 4110 1359 4177 servitutis
1400 4112 1625 4196 jugum
1670 4110 2026 4177 subiissent.

484 4213 769 4280 Profecto
801 4214 1102 4280 Dominus
1130 4215 1316 4280 -Deus
1354 4215 1678 4299 disposuit,
1728 4216 2027 4281 Dominus
2066 4214 2433 4293 111136116613,
2475 4213 2551 4280 ad
2581 4234 2762 4298 quern

276 4338 484 4399 preces
530 4320 662 4387 sine
706 4319 1162 4386 intermissione
1202 4320 1462 4399 fiebant,
1529 4320 1756 4402 voluit,
1825 4323 1895 4385 ut
1952 4320 2311 4386 duodecimo
2364 4318 2763 4402 Septembris,

280 4443 348 4487 ee
392 4422 523 4505 ipso
568 4425 689 4506 die,
739 4444 877 4510 quc,
928 4424 1023 4491 uti
1065 4425 1260 4510 ajunt,
1310 4426 1557 4492 divinae
1585 4425 2013 4510 providentiae
2059 4425 2288 4490 festum
2319 4423 2768 4504 celebrabatur,

280 4529 725 4613 oppugnationi
753 4531 1025 4599 Viennae
1070 4530 1213 4598 finis
1257 4530 1675 4616 imponeretur
1706 4532 1893 4616 atque
1928 4531 2003 4597 de
2034 4529 2293 4597 victoria
2322 4528 2770 4616 gloriosissima
