3050 4859
578 188 751 243 Decr.
790 170 1072 254 A‘rchiep.
1112 188 1169 244 d.v
1198 188 1297 275 34³.
1336 183 1496 256 Sept.
1540 187 1714 241 1876:
1754 188 1937 241 relat.
1976 192 2115 242 stat.
2149 188 2509 256 parochiar.
2661 169 2784 233 133

282 361 668 437 Cathedram
696 408 713 438 ,
768 359 1012 425 meritis
1057 358 1206 423 licet
1248 358 1628 441 imparibus,
1691 360 1755 424 et
1803 358 1931 423 Deo
1977 358 2066 423 sic
2112 357 2508 442 disponente,
2585 359 2783 425 evecti

279 465 558 544 fuimus,
621 465 785 530 totos
831 464 961 529 Nos
1004 440 1353 528 animarum
1399 462 1591 527 saluti
1637 462 2055 545 procurandae
2117 463 2642 546 mancipavimus,
2719 467 2783 527 et

285 569 671 647 devovimuS,
709 586 782 632 ac
827 584 1211 650 summopere
1256 566 1321 631 iu
1368 567 1528 631 votis
1585 566 1920 631 hubuimus
1963 565 2335 632 canonicam
2393 567 2779 633 Pastoralem

285 673 729 739 Visitationem
774 671 970 740 totius
1017 672 1279 737 Nostrae
1329 670 1640 736 Dioeccsis
1685 670 2021 737 absolvere.
2101 670 2328 737 Verum
2374 672 2631 737 minime
2679 691 2779 735 rna

284 778 467 855 latet,
536 777 785 841 Fratres
845 774 1269 853 dilectissimi,
1342 774 1504 858 quod
1567 774 1849 859 quamvis
1898 775 2285 841 Pastoralem
2343 774 2779 841 Visitatiouem

283 881 624 946 secundum
693 880 955 945 formam
1017 899 1053 944 a
1110 878 1314 945 Sacris
1371 878 1724 946 Canonibus
1793 877 2238 968 praescriptam
2308 881 2547 964 explere
2616 879 2779 943 haud

284 986 622 1070 potuimuS,
670 986 884 1049 tamen
930 983 1100 1049 nullo
1130 1002 1402 1067 unquam
1434 984 1708 1066 tempore
1747 983 2120 1049 cessavimus
2145 984 2244 1050 vel
2275 1002 2313 1048 a
2344 983 2779 1049 circumeunda

286 1090 413 1155 huc
456 1089 606 1153 illuc
650 1108 759 1172 per
802 1088 1079 1172 singulas
1125 1087 1463 1165 ParoeciaS,
1509 1087 1788 1171 locaque,
1827 1100 1950 1171 qua
1979 1086 2290 1168 civitatis,
2323 1106 2444 1172 qua
2483 1088 2775 1163 vicorum,

283 1213 397 1259 seu
460 1194 761 1277 pagorum
832 1192 1193 1258 Dioeceseos
1218 1240 1234 1271 ,
1309 1191 1405 1256 vel
1435 1207 1445 1212 ·
1476 1191 1555 1258 ab
1619 1192 1990 1260 advocandis
2051 1192 2243 1260 Vobis
2269 1242 2285 1271 ,
2357 1192 2775 1259 dilectissimis

284 1296 795 1381 Cooperatoribus
842 1296 1103 1374 nostriS,
1148 1296 1311 1360 circa
1356 1295 1516 1374 Nos,
1593 1297 1665 1360 ut
1709 1314 1832 1360 una
1874 1296 2192 1363 vobiscum
2236 1297 2312 1364 de
2357 1296 2434 1362 iis
2478 1315 2636 1381 quae
2679 1299 2775 1359 di-

280 1402 493 1466 vinam
520 1401 802 1486 gloriam,
829 1401 1298 1484 animarumque
1321 1400 1517 1465 Nobis
1542 1400 2010 1492 commissarum
2041 1400 2383 1484 profectum
2411 1400 2771 1484 respiciunt,

282 1505 715 1571 conferremus,
810 1504 985 1569 Haec
1045 1505 1250 1568 omnia
1274 1552 1290 1583 ,
1364 1503 1645 1588 quamvis
1707 1502 1995 1570 animum'
2043 1506 2325 1570 nostrum
2354 1569 2357 1570 γ
2385 1505 2775 1589 aliquatenus

278 1609 595 1687 relevent,
665 1610 876 1674 tamen
934 1609 1117 1692 longe
1176 1607 1403 1672 absunt
1466 1627 1505 1673 a
1566 1608 1950 1674 concilianda
1990 1608 2185 1673 Nobis
2244 1608 2362 1673 tali
2421 1609 2771 1675 omnimoda

280 1707 765 1795 tranquillitate,
826 1713 898 1777 ut
943 1730 1189 1795 prorsus
1234 1712 1300 1776 in
1345 1713 1483 1777 tuto
1529 1712 1860 1790 sistamus;
1935 1712 2160 1798 quippe
2204 1712 2390 1795 probe
2435 1712 2663 1778 scimus
2711 1715 2771 1779 in

281 1816 402 1881 Dei
448 1818 681 1882 statera
737 1816 903 1899 ipsas
962 1815 1244 1899 justitias
1304 1815 1707 1899 judicandas,
1783 1818 1846 1880 et
1893 1816 2199 1899 judicium
2248 1816 2648 1882 durissimum
2695 1819 2771 1879 iia

278 1921 391 2004 qui
436 1922 728 2004 praesunt
772 1920 1071 1985 futurum.
1162 1906 1337 2000 Quod
1401 1920 1455 1984 si
1513 1919 1873 2015 huJusmodi
1918 1920 2300 2004 Episcopalis
2358 1919 2548 1985 officii
2593 1920 2767 1987 debi-

280 2026 421 2090 tum
471 2023 816 2089 incredibili
868 2024 997 2089 Nos
1043 2042 1283 2107 semper
1326 2024 1550 2089 timore
1595 2024 1880 2107 perculit,
1917 2042 1984 2089 eo
2032 2024 2234 2108 magis
2267 2044 2427 2089 nunc
2457 2024 2769 2119 percellet,

279 2128 590 2212 siquidem
633 2127 817 2212 longo
874 2128 1010 2211 jam
1055 2127 1457 2192 Praesulatus
1502 2127 1718 2192 Nostri
1773 2147 1956 2193 cursu
2005 2131 2461 2208 consummato,
2526 2131 2771 2213 propin-

276 2232 524 2317 quiores
568 2231 697 2297 Nos
738 2231 1039 2296 sentimus
1086 2231 1165 2296 ad
1209 2231 1584 2296 reddendam
1629 2232 1933 2297 rationem
1965 2232 2091 2312 Illi,
2133 2232 2238 2316 qui
2285 2252 2425 2298 cum
2465 2233 2551 2297 sit
2583 2234 2767 2297 Priue

277 2333 823 2419 ceps‘Pastorum,
870 2336 988 2400 erit
1033 2334 1224 2401 etiam
1270 2335 1592 2401 districtus
1637 2334 1857 2415 Judex,
1928 2336 1992 2400 et
2035 2336 2401 2422 sanguinem
2448 2338 2650 2402 ovium
2695 2339 2767 2403 de

279 2458 473 2505 manu
517 2439 922 2523 speculatoris
970 2438 1259 2525 requiret.

485 2544 559 2607 In
599 2544 778 2610 tanta
822 2542 1014 2608 animi
1061 2542 1400 2614 anxietate=
1430 2543 1507 2607 ad
1558 2544 1755 2609 Deum
1819 2543 2123 2612 luminum
2169 2544 2420 2609 Patrem
2470 2547 2759 2623 conversi,

274 2647 483 2730 ipsum
522 2648 714 2713 enixis
760 2646 1042 2737 precibus
1088 2647 1321 2713 exorati
1369 2650 1439 2711 ut
1493 2647 1629 2713 vias
1691 2667 1834 2712 suas
1889 2648 2083 2714 Nobis
2146 2649 2629 2729 demonstraret,
2703 2659 2763 2715 et

274 2751 534 2817 semitas
579 2770 725 2817 suas
772 2752 902 2816 Nos
948 2751 1261 2829 edoceret,
1314 2771 1387 2816 ne
1434 2754 1719 2836 suscepto
1765 2753 1933 2818 oneri
1982 2752 2410 2831 deficeremus;
2487 2753 2550 2819 in
2607 2754 2767 2819 hane

274 2856 651 2935 seutentiam
726 2856 1042 2933 venimuS,
1126 2857 1199 2920 ut
1266 2855 1782 2944 quemadmodum
1845 2853 2072 2923 Sancta
2138 2857 2496 2941 Apostolica
2560 2858 2763 2939 Sedes,

273 2960 573 3025 omnium*
598 2958 1015 3029 Ecclesiarum
1074 2960 1272 3025 forma
1332 2961 1395 3025 et
1450 2961 1793 3043 exemplar,
1864 2960 2068 3026 Mater
2128 2963 2193 3027 et
2239 2962 2583 3045 Magistra,
2654 2983 2763 3047 pre

271 3063 559 3129 universo
604 3062 925 3129 Catholico
970 3062 1132 3129 Orbe
1176 3063 1240 3127 id
1284 3063 1631 3147 praecipiat
1675 3065 1981 3145 omnibuS,
2025 3084 2174 3148 quos
2205 3063 2472 3150 Spiritus
2503 3065 2763 3131 Sanctus

271 3167 483 3251 posuit
526 3186 739 3251 regere
784 3167 1127 3233 Ecclesiam
1176 3167 1323 3245 Dei,
1393 3168 1555 3252 quod
1615 3169 1800 3234 statis
1846 3170 2227 3252 temporibus
2269 3170 2388 3235 sibi
2435 3170 2759 3238 exhibeant

271 3271 640 3340 relationem
687 3271 763 3336 de
824 3272 956 3337 toto
1016 3289 1228 3343 eorum
1282 3272 1593 3338 Pastorali
1652 3272 1850 3338 officio
1873 3322 1888 3350 ,
1958 3275 2022 3337 et
2090 3272 2166 3338 de
2231 3273 2414 3339 rebus
2479 3274 2759 3339 omnibns

272 3375 354 3440 ad
398 3375 693 3459 ipsarum,
737 3375 960 3458 quibus
1006 3376 1319 3459 praesunt,
1355 3376 1771 3441 Ecclesiarum
1817 3377 2076 3457 statum,
2117 3377 2194 3442 ad
2238 3377 2400 3443 Cleri
2446 3379 2512 3443 et
2554 3379 2759 3461 populi

270 3478 701 3563 disciplinam,
770 3479 1113 3544 animarum
1178 3479 1474 3564 denique,
1545 3474 1701 3563 quae
1760 3480 2008 3546 illorum
2046 3480 2218 3565 *fidei
2276 3482 2546 3547 creditae
2593 3491 2755 3559 sunt,

269 3584 541 3649 salutem
585 3584 801 3666 quovis
844 3582 1025 3649 modo
1067 3582 1520 3667 pertinentibus
1567 3582 1869 3649 rationem
1911 3584 2210 3669 reddant3
2257 3586 2348 3651 ita
2395 3588 2458 3651 et
2489 3587 2618 3652 Nos
2650 3607 2755 3671 pru

271 3686 391 3751 hac
448 3686 679 3751 Nostra
735 3685 1199 3768 Archidioecesi
1260 3687 1337 3752 ab
1395 3688 1678 3753 omnibus
1726 3689 2089 3754 Animarum
2137 3688 2541 3756 Curatoribus
2587 3692 2755 3759 bien-

272 3790 482 3858 nalem
535 3789 899 3856 relationem
955 3790 1030 3855 de
1082 3792 1255 3855 stat-u
1305 3792 1725 3859 Ecclesiarum
1773 3793 1901 3858 suis
1942 3796 2104 3859 curis
2151 3793 2618 3860 commissarum
2663 3819 2755 3863 re-

270 3894 613 3977 quiramus,

478 3996 779 4077 Quocirca
840 3997 955 4063 hoc
1014 3998 1243 4064 Nostro
1307 3999 1583 4083 generali
1640 4000 1900 4066 Decreto
1957 4000 2022 4066 in
2079 4000 2309 4067 Sancta
2371 4003 2755 4079 visitatione,

269 4102 526 4186 ejusque
555 4100 871 4167 occasione
902 4102 1069 4167 edito
1100 4104 1432 4183 sancimus,
1480 4102 1884 4184 decernimus
1935 4106 2000 4170 et
2030 4106 2400 4172 mandamus
2429 4108 2492 4171 in
2525 4108 2755 4172 virtute

263 4205 537 4273 Sanctae
580 4195 1006 4287 Obedientiae,
1053 4209 1123 4273 ut
1170 4228 1381 4274 omnes
1429 4209 1716 4288 Parochi,
1758 4210 2050 4276 Rectores
2081 4210 2314 4291 Curati,
2364 4212 2590 4296 aliique
2621 4215 2755 4277 ani-

266 4329 515 4377 marum
558 4309 907 4392 Curatores,
952 4331 1335 4397 quocumque
1387 4316 1680 4380 vocentur
1726 4315 1992 4395 nomine,
2051 4334 2158 4399 per
2203 4318 2552 4383 universam
2597 4318 2755 4383 hauc

267 4416 542 4479 nostram
591 4415 1115 4482 Archidioecesim
1160 4417 1507 4494 constituti,
1557 4419 1620 4482 et
1665 4418 1726 4482 in
1761 4420 2068 4502 posterum
2099 4420 2536 4499 constituendi,
2580 4419 2751 4487 bien-

263 4519 475 4586 nalem
509 4519 906 4586 *Relationem
950 4522 1154 4589 status
1203 4522 1531 4595 Paroeciae
1583 4523 1863 4606 propriae
1927 4542 2111 4589 curae
2172 4523 2592 4607 concreditae,
2659 4527 2747 4591 in-
