3050 4859
310 114 520 211 Comei.
558 154 664 209 IV.
706 154 793 209 De
831 156 1193 225 disciplina.
1264 154 1411 223 Gap.
1446 155 1499 212 6.
1550 154 1639 207 De
1680 156 1924 208 clericis
1963 156 2132 209 domi
2173 171 2321 208 sitae
2357 159 2582 209 vivent.
2709 137 2792 207 95

301 325 768 399 sanctissimum
840 325 1218 403 Rosarium,
1279 325 1525 392 mirum
1607 344 1755 392 sane
1829 324 2129 393 orationis
2200 326 2527 422 mentalis,
2582 328 2792 410 atque
2895 394 2898 399 ,

301 430 820 496 electissimarum
866 449 1113 512 precum
1161 430 1463 495 vocalium
1510 429 1976 511 compendium,
2034 429 2309 512 quotidie
2366 451 2509 496 cum
2551 430 2791 498 familia

304 535 594 599 recitent.

517 638 589 703 V.
665 637 1206 703 Praedecessorum
1246 637 1615 703 Nostrorum
1669 634 1964 703 mandata
2009 637 2444 703 confirmantes
2488 641 2791 723 praecipi-

301 762 479 822 mus,
541 742 935 825 ut.·singulis
996 741 1213 808 diebus
1257 741 1581 810 dominicis
1616 742 1690 816 ‚in
1738 741 2232 825 Congregatione
2284 743 2787 827 Presbyterorum

302 847 684 924 Missiouis,¹
716 845 844 909 sive
889 846 951 912 in
1004 846 1194 914 Domo
1235 844 1499 918 Sanctae
1545 845 1793 916 Mariae
1829 846 2190 931 Virginum,
2260 847 2387 913 sive
2433 846 2501 913 S.
2542 848 2787 916 Nicolai

301 951 651 1028 Tolentiui,
702 950 932 1018 assidui
977 951 1385 1028 conveniant,
1447 950 1556 1015 ubi
1602 949 1664 1013 in
1712 951 1986 1020 oratione
2032 951 2292 1019 mentali
2321 971 2403 1017 se
2451 959 2787 1031 exerceant,

303 1055 544 1124 monita
589 1054 813 1119 salutis
856 1054 1206 1136 accipiant,
1271 1043 1633 1136 praesertim
1670 1072 1850 1137 ,quae
1897 1056 2141 1120 statum·
2183 1054 2547 1126 Clericalem
2594 1059 2787 1139 respi-

300 1160 512 1235 ciunt3
582 1156 770 1226 Sacro
833 1158 1070 1235 adsint,
1142 1157 1220 1222 ad
1273 1158 1769 1226 Eucharisticum
1822 1159 2050 1228 Panem
2097 1176 2238 1228 cum
2288 1160 2552 1230 maximo
2599 1161 2787 1228 animi

301 1262 572 1334 fervore
601 1262 955 1332 accedant.
1016 1261 1294 1346 Singulis
1358 1282 1538 1330 ver-o
1568 1262 1891 1340 SabbatiS,
1959 1263 2125 1332 horis
2189 1264 2563 1346 vespertinis
2613 1264 2787 1348 iuxta

298 1386 603 1446 normam
630 1367 850 1456 adhuc
877 1369 1206 1443 servatam,
1260 1366 1420 1449 apud
1472 1366 1719 1436 eosdem
1766 1366 2162 1449 Presbyteres
2207 1368 2507 1436 sedulum
2540 1388 2785 1451 operam

298 1472 584 1549 dabunt,
606 1474 693 1542 ιιι
722 1471 914 1538 sacris
957 1471 1372 1542 caeremoniis
1402 1470 1785 1561 erudiantur.
1878 1469 2101 1538 Clerici
2161 1473 2368 1540 autem
2439 1473 2787 1557 Prochytas

295 1577 751 1648 commorantes
787 1576 865 1642 in
898 1574 1185 1644 Oratorio
1228 1575 1292 1645 in
1337 1574 1477 1659 ipsa
1516 1575 1860 1646 Paroeciali
1904 1574 2179 1644 Ecclesia
2209 1574 2419 1644 Sancti
2453 1577 2783 1645 Michaelis

296 1683 538 1758 erecte,
602 1682 665 1744 et
723 1680 798 1744 ab
855 1678 1107 1762 antiquo
1154 1678 1233 1743 ad
1280 1678 1344 1742 id
1390 1678 1734 1756 destinato,
1799 1679 1964 1743 idem
2004 1679 2275 1748 omnino
2334 1681 2598 1763 faciant3
2673 1701 2783 1747 ner:

294 1784 600 1854 omittant
633 1783 867 1852 Missae
913 1782 1306 1852 conventuali
1352 1783 1662 1861 assistere,
1709 1786 1784 1849 ut
1824 1801 1958 1852 mos
2003 1785 2117 1852 est

490 1888 615 1958 VI.
712 1886 1005 1970 Quolibet
1062 1888 1268 1956 autem
1330 1906 1574 1964 mense,
1628 1886 1842 1955 eodem
1897 1886 1996 1953 die
2051 1906 2193 1971 quo.
2226 1859 2618 1956 Convictores
2675 1888 2783 1954 Se·-

297 1992 584 2071 minarii,
616 1993 706 2061 et
762 1993 881 2074 ipsi
927 1992 1149 2061 vacent
1193 1991 1311 2075 piis
1356 1991 1934 2068 exercitationibus,
1997 2011 2155 2075 quae
2197 1993 2262 2061 in
2307 1992 2585 2061 Ecclesia
2630 1992 2783 2059 San-

294 2098 537 2161 ctorum
586 2095 1021 2180 Apostolorum
1068 2095 1201 2161 fieri
1248 2095 1464 2175 solent,
1513 2095 1627 2160 sub
1675 2095 2062 2164 invocatione
2103 2098 2168 2163 et
2203 2096 2495 2180 auspiciis
2524 2096 2629 2166 SS.
2649 2098 2783 2163 Nc-

295 2201 485 2269 minis
530 2200 705 2274 Jesu
870 2259 876 2265 ,

506 2305 643 2373 VII.
717 2305 1021 2372 Volumus·
1061 2304 1376 2387 insuper,
1401 2304 1473 2370 ut
1535 2271 1757 2371 Clerici
1811 2304 1872 2370 in
1932 2303 2279 2378 Paroeciis
2334 2322 2504 2388 quae
2548 2305 2701 2388 ipsis
2747 2327 2783 2367 ιι

297 2408 605 2475 Canonico
651 2409 962 2492 Deputato
1010 2408 1339 2476 Doctrinae
1377 2406 1765 2476 Christianae
1807 2409 2166 2491 assignatae
2202 2410 2381 2488 sunt,
2430 2409 2627 2480 officio
2673 2428 2783 2476 sun

295 2512 775 2596 diligentissime
821 2513 1273 2597 defungantur,
1343 2512 1633 2581 nimirum
1694 2514 1765 2578 ut
1812 2511 2003 2580 sacris
2045 2511 2468 2580 functionibus
2511 2514 2779 2580 maxima

296 2617 605 2686 modestia
624 2666 642 2695 ,
709 2617 1021 2701 gravitate
1082 2618 1147 2681 et
1204 2618 1440 2700 pietate
1494 2616 1824 2693 intersint3
1893 2618 2079 2699 atque
2133 2616 2351 2684 diebus
2393 2617 2571 2684 festis
2617 2618 2779 2688 horis

292 2722 437 2804 post
464 2767 471 2773 ·
498 2721 833 2788 meridiem·
880 2722 1157 2788 rudiores
1214 2740 1430 2805 pueros
1492 2740 1566 2786 ac
1622 2720 1857 2803 puellas
1919 2720 2383 2793 catechismum
2444 2721 2779 2790 Doctrinae

299 2825 695 2894 Christianae
740 2825 1070 2903 edoceant,
1133 2829 1454 2909 praesente
1498 2826 1808 2903 Parocho,
1871 2827 1933 2890 et
1985 2825 2096 2890 sub
2146 2824 2472 2908 disciplina
2519 2827 2779 2910 Presby-

296 2930 609 3007 terrorum,
662 2929 769 3013 qui
829 2930 1172 3009 Praeteriti„
1229 2930 1322 2994 vel
1353 2930 1673 3013 ,Deputati
1724 2947 1939 2995 nomen
1989 2929 2242 2995 habent.
2332 2930 2404 2996 In
2455 2930 2779 3007 Parochoe,

297 3034 669 3114 Praefectos,
714 3033 810 3099 vel
841 3034 1186 3117 Deputatos
1219 3034 1555 3102 Doctrinae
1585 3033 1974 3102 Christianae
2005 3035 2346 3102 maximam·
2371 3034 2779 3102 reverentiam

298 3138 673 3215 adhibeant3
716 3157 930 3204 rursus
971 3138 1035 3204 in
1081 3137 1414 3216 sacristis,
1441 3138 1539 3202 vel
1582 3138 1732 3206 loeis
1773 3138 1993 3206 vicinis
2038 3158 2112 3203 ne
2153 3140 2496 3216 versentur,
2537 3140 2779 3222 tempus

297 3244 593 3311 terentes.
682 3242 833 3309 Imis
876 3242 1164 3310 medullis
1210 3242 1328 3306 sibi
1373 3242 1573 3327 figant
1620 3241 1849 3312 Clerici
1887 3241 2046 3307 illud
2091 3242 2567 3312 Ecclesiastici:
2600 3243 2779 3309 ‚sFili

297 3363 590 3432 conserva
637 3348 930 3430 tempus,
974 3349 1034 3412 e‘t
1088 3346 1297 3414 devita
1342 3366 1380 3411 a
1421 3346 1626 3415 »malo«
1679 3345 1917 3430 (Eoo-li..
1950 3346 2061 3424 IV,
2108 3345 2238 3431 23),
2333 3344 2632 3430 Quocirca
2672 3347 2779 3429 qui

294 3450 448 3516 olim
493 3451 588 3534 sal
630 3451 867 3528 terrae,
914 3454 979 3517 et
1024 3450 1338 3534 lampades
1385 3450 1672 3520 ardentes
1717 3449 2069 3528 Sanctuarii
2117 3450 2310 3520 futuri
2353 3454 2536 3528 sunt,
2585 3451 2779 3517 otium

296 3557 488 3637 atque
545 3553 804 3620 inutiles
872 3554 1370 3634 familiaritates,
1441 3556 1775 3642 tanquam
1805 3555 2172 3622 acerrimum
2240 3553 2409 3622 vitae
2471 3554 2779 3623 clericali.
2771 3579 2779 3591 .,

296 3658 567 3737 hostem,
613 3658 889 3724 devitent
936 3661 1000 3724 et
1042 3658 1309 3742 fugiant

473 3762 682 3828 VIII.
747 3762 1255 3856 Quandoquidem
1314 3782 1453 3830 vero
1516 3723 1743 3830 Clerici
1795 3764 2086 3845 paternae
2146 3723 2508 3847 vigilantiae
2553 3767 2779 3847 proprii

292 3866 560 3931 Parochi
609 3866 902 3951 peculiari
947 3866 1128 3932 modo
1172 3866 1484 3939 commissi
1524 3868 1691 3944 sunt,
1738 3866 2022 3933 volumus
2067 3868 2142 3933 ut
2179 3866 2300 3951 ipsi
2349 3867 2426 3933 ad
2467 3868 2775 3951 proprium

292 3971 650 4037 Parochum
717 3970 1074 4055 frequenter
1139 3970 1506 4038 accedentes
1561 3970 1620 4038 ei
1679 3989 1907 4038 morem
1952 3990 2166 4055 gerere
2211 3971 2525 4052 studeant.
2613 3970 2779 4052 Qua,-

289 4078 542 4159 propter
586 4074 650 4140 in
691 4074 769 4140 iis
814 4074 1138 4143 dominicis
1159 4123 1175 4154 ,
1224 4076 1485 4158 aliisque
1531 4075 1708 4141 festis
1755 4074 1971 4143 diebus
2017 4074 2205 4154 anui,-
2247 4075 2312 4141 in
2356 4075 2577 4159 quibus
2620 4074 2783 4141 Cou-

291 4179 673 4263 gregatioui·
705 4179 1214 4264 Presbyterorum
1266 4179 1579 4246 Missionis
1624 4179 1841 4246 adesse
1887 4178 2143 4247 minime
2185 4180 2509 4256 tenentur,
2567 4179 2783 4246 Eccle-

290 4283 457 4348 siam
504 4284 921 4349 Pareecialem
969 4284 1196 4350 adeant
1252 4284 1349 4350 ad
1394 4283 1655 4352 Missam
1703 4283 2109 4362 audiendam,
2162 4284 2228 4348 et
2271 4283 2325 4353 si
2369 4301 2480 4365 per
2520 4282 2775 4350 Censes-

291 4388 528 4453 sarium
573 4387 824 4469 licebit,
854 4388 1316 4454 Eucharistiam
1360 4387 1695 4471 recipiant.

503 4490 614 4557 IX.
677 4491 792 4557 Ut
808 4492 986 4559 fiant
1005 4491 1209 4558 idonei
1255 4492 1449 4558 divini
1498 4492 1667 4559 verbi
1707 4508 2055 4575 praeconeS,
2096 4447 2405 4568 volumuS,
2451 4452 2527 4558 ut
2567 4508 2775 4556 omnes
