3050 4859
367 190 467 249 Gousu
489 189 614 247 Orocov.
633 191 749 260 dep'rrr.
768 192 948 245 ouuoulcor.
968 193 1136 247 academie.
1304 176 1366 241 341
1427 168 1430 171 Α

130 364 213 448 cepit
238 402 274 411 -
300 363 346 429 Ex
368 361 512 446 imposita
534 360 631 427 Nobis
652 394 695 409 -·
717 359 755 424 ad
778 360 926 443 obsequie
947 360 1104 427 Ecclesiae
1126 361 1323 431 bethsuram
1338 367 1369 430 et

129 468 308 535 continuam
330 486 422 551 penes
445 467 587 534 eamdam
609 466 809 533 residentiam
829 467 989 545 obstricti;
1019 474 1048 534 el
1075 473 1190 550 cautor
1219 465 1369 535 occure

129 566 329 654 Professores
355 572 518 655 tumbalis
539 571 740 655 Theolopicoe
753 592 852 652 peuce
879 570 1118 639 Universitotem
1137 571 1369 639 Orocooieueem

129 678 173 743 od
192 682 323 743 nemum
346 675 582 743 Constitutiouie
603 681 765 741 onmuctoe
790 674 994 757 Reipublicae
1021 675 1238 744 &ocociensis
1266 678 1368 755 erecti,

129 782 175 847 sic
198 780 276 847 dicti
296 779 494 857 Acoricruici,
525 785 554 845 ct
582 801 598 845 c
626 779 726 861 faudo
753 779 879 861 publico
907 780 1086 847 studiorum
1105 780 1296 862 stipendium
1316 779 1367 845 od-

128 885 269 951 simmaa
311 882 372 965 Qui
402 882 553 949 sexdecim
588 883 726 947 Praelati
758 884 791 947 et
824 882 969 949 canonici
1004 883 1134 951 totidem
1166 882 1368 961 Praebendas,

128 988 313 1070 easdemque
336 987 439 1065 terme,
463 1004 541 1070 quse
563 985 595 1049 in
617 988 747 1053 Decreto
771 986 1009 1053 Reformatiouis
1032 1007 1060 1069 p.
1083 1007 1124 1051 nr.
1149 985 1252 1052 Garuli
1274 986 1368 1051 Skor-

130 1091 229 1157 tereti
252 1090 395 1175 Episcopi
418 1088 626 1158 Oracoriensis
651 1108 686 1154 ex
710 1108 790 1155 enno
812 1090 977 1156 millesimo
997 1089 1254 1173 octingentesimo
1272 1088 1370 1172 trige-

129 1196 209 1262 simo
229 1194 323 1259 tertio
342 1192 514 1276 descriptae
535 1194 742 1276 reperiuntur,
765 1192 927 1258 obtineant
949 1193 981 1257 et
1003 1192 1200 1275 possideant,
1224 1192 1370 1258 videlicet

131 1332 170 1346 -
195 1297 337 1363 Decanns
359 1296 524 1381 Kobylung
546 1315 617 1361 oum
637 1296 807 1361 Brzezinlra
831 1296 1148 1374 -rdrcbidiaconua
1171 1296 1305 1362 Goszeza
1329 1332 1367 1343 -

129 1400 348 1479 Scholastieus,
371 1399 519 1463 Pindurra
536 1436 576 1448 -
594 1398 715 1477 Custos,
731 1400 981 1465 Rrsrribororrice
997 1436 1036 1447 -·-
1055 1398 1227 1465 Canonicus
1242 1400 1369 1483 primns,
1427 1415 1430 1420 ·

129 1504 312 1569 Witkorrice
336 1540 374 1549 «-
399 1501 557 1568 Secundus
580 1502 778 1569 Grumbetow
798 1503 922 1568 Tertius
946 1503 1171 1568 Zolziestarrice
1194 1523 1264 1570 cum
1283 1502 1368 1567 deci·

129 1608 188 1676 nnis
212 1644 251 1657 ·-
275 1606 426 1689 Quintus,
448 1606 660 1685 Smoniarrice,
681 1644 722 1655 -
746 1606 874 1686 Sextus,
895 1606 1305 1692 WolaEachuryasnouslra
1327 1642 1369 1655 -

128 1712 293 1794 Septimus.
322 1710 559 1777 Dzierrietelslra
590 1710 750 1794 antiquam
780 1730 853 1775 cnm
876 1710 1003 1775 decimis
1026 1710 1219 1794 praebendae
1240 1710 1370 1791 antiqua

130 1814 323 1881 Gbmicluike
345 1816 551 1897 nuncupatae,
575 1852 615 1863 -
640 1814 775 1881 Octarm
799 1815 994 1881 chstarrka
1016 1815 1177 1899 antiquam
1194 1814 1227 1879 in
1242 1814 1370 1879 decimis

128 1919 306 1998 fundatam,
346 1920 395 1987 cni
432 1919 664 2001 incorporentur
701 1919 848 2001 antiquae
861 1949 866 1960 κ
880 1918 1073 2001 praebendas
1108 1918 1308 1987 Eakrzeusku
1338 1919 1371 1983 et

128 2022 352 2106 RossieJewslra
374 2042 444 2087 cum
464 2022 529 2088 suis
551 2023 750 2105 proventibus
771 2058 814 2070 -
829 2023 1073 2104 prucreccusitis
1091 2023 1252 2089 duodecim
1269 2022 1370 2089 Proe-

110 2127 237 2209 ,taedae
259 2126 407 2197 oooodout
425 2132 560 2208 pucruer
582 2126 785 2195 Hemnatae
803 2126 996 2196 Academico
1015 2126 1139 2203 Primo,
1160 2126 1370 2204 Koruioroico,

132 2269 168 2278 .„
193 2231 347 2308 Secundo,
370 2231 746 2299 nuceriensem
768 2230 954 2297 Leucosia
977 2230 1107 2312 Quarto,
1131 2229 1340 2297 Guuowelcu«

233 2335 277 2401 En
299 2334 406 2401 citatis
428 2334 544 2399 decreti
567 2334 666 2399 verbis
682 2334 914 2401 evidentissime
929 2333 1089 2416 colligitur
1109 2370 1151 2381 -
1174 2340 1203 2400 1.
1221 2332 1372 2400 Omnibus

130 2439 302 2508 eumeces
321 2437 457 2520 cupient
472 2436 682 2503 Crotoniensis
695 2437 747 2521 jus
759 2456 826 2503 esse
841 2436 1030 2519 percipiendi
1044 2436 1163 2527 fruetus
1178 2436 1370 2519 praebendae

130 2542 327 2621 canonicalis,
350 2541 479 2625 optandi
498 2540 625 2607 domum
641 2541 868 2619 canonicorum,
883 2541 916 2606 et
929 2539 1118 2623 percipiendi
1131 2540 1370 2623 qualescumque

129 2646 296 2731 proventus
317 2647 349 2711 et
368 2644 595 2713 emolumenta:
619 2645 649 2709 2.
673 2644 833 2727 colligitur
850 2643 1004 2727 usquead
1019 2643 1192 2709 evidentiae
1207 2643 1371 2727 imtigium

131 2749 308 2833 Capitulum
325 2748 481 2816 Ecclesiae
497 2748 707 2817 (trudoniensis
722 2751 864 2816 constare
883 2748 1040 2815 sexdecim
1055 2747 1244 2815 (immicus
1263 2764 1371 2829 nempe

131 2856 263 2937 quatuor
285 2851 448 2930 Praelatis,
471 2853 540 2918 octo
562 2852 716 2918 canonicis
738 2852 792 2935 qui
807 2851 945 2935 qnotidie
960 2852 1116 2917 Ecclesiae
1136 2851 1317 2931 inserviant,
1339 2851 1372 2915 ct

130 2957 256 3027 tundem
278 2958 410 3041 quatuor
433 2955 601 3025 Oooouicis
616 2956 853 3039 professoribus
875 2955 1036 3021 facultatis
1059 2954 1264 3039 Theologicee
1279 2972 1372 3037 penes

130 3060 370 3129 Universitatem
386 3060 617 3127 Oraeoriensem
640 3060 826 3143 nuncupatis
841 3060 1042 3127 Academicis
1057 3061 1089 3125 st
1105 3058 1232 3125 efundo
1248 3058 1372 3141 publico

130 3165 303 3235 studiorum
326 3164 513 3248 stipendium
533 3164 761 3231 obtinentibus:
787 3165 818 3231 3.
842 3163 1000 3247 colligitur
1016 3162 1178 3229 Summum
1195 3162 1371 3246 pontificem

130 3270 250 3343 nullum
271 3268 436 3336 discrimen
458 3269 564 3335 notare
585 3269 667 3334 inter
690 3268 759 3333 octo
782 3268 953 3347 canonicos,
977 3268 1010 3333 et
1032 3266 1194 3335 canonicos
1216 3265 1372 3331 academi-

132 3391 196 3451 cos,
220 3372 274 3439 sed
292 3372 333 3437 de
355 3371 497 3439 omnibus
519 3371 626 3441 eadem
644 3371 718 3455 jura
740 3390 777 3437 ae
798 3371 961 3455 priuilegia
975 3371 1160 3437 refirmare:
1188 3371 1373 3454 quapropter

130 3476 238 3544 echis
260 3473 502 3548 concludendum
525 3476 589 3552 est,
620 3473 781 3542 canonicos
812 3474 1144 3543 Academicosiisdem
1166 3474 1287 3557 iuribus
1310 3473 1372 3537 frui

131 3579 242 3663 quibus
264 3578 361 3645 ceteri
376 3578 515 3645 canonici
531 3579 688 3662 gaudent:
711 3596 783 3645 nem
804 3578 941 3662 ipsorum
957 3578 1030 3662 jure
1049 3577 1217 3645 nullimode
1234 3578 1373 3645 limitata

131 3685 257 3751 inerunt
278 3702 297 3751 a
319 3681 433 3751 Sancta
451 3682 532 3748 Sede
553 3682 585 3747 in
608 3682 730 3749 decreto
752 3701 858 3765 nuper
871 3682 952 3747 relat
972 3731 999 3761 .,

235 3788 272 3853 ln
294 3787 372 3856 redo
394 3787 492 3871 igitur
515 3786 613 3870 posito
633 3785 802 3852 Oenouicos
817 3786 1019 3853 Academicos
1034 3803 1101 3851 esse
1116 3785 1303 3863 honorarius,
1319 3785 1373 3851 eod

132 3891 170 3957 de
193 3890 310 3975 gremio
333 3890 479 3974 capituli,
502 3890 575 3973 quie
599 3890 654 3956 Pio
677 3889 733 3956 IX.
756 3890 845 3955 nulle
867 3889 1062 3956 restrictione
1076 3906 1182 3956 eornm
1202 3889 1274 3974 jura
1288 3887 1374 3955 limi·

132 3994 221 4075 terit,
244 3996 336 4078 plano
359 3995 445 4061 alveo
465 3994 545 4061 fluit.
585 3993 633 4059 Ad
653 3994 798 4059 tramites
820 4012 977 4061 sacrorum
1001 4012 1162 4073 canonum,
1185 3993 1301 4061 eudem
1322 3992 1374 4076 jus

133 4116 200 4165 erse
219 4099 312 4165 chore
327 4097 529 4167 interesseudi
544 4098 651 4165 diebus
667 4097 846 4163 ferialibusr
869 4097 952 4181 quia,
967 4099 1111 4165 universo
1123 4098 1192 4181 jure
1207 4096 1374 4175 clamante,

133 4202 261 4287 quisque
284 4201 465 4282 Canonicus,
489 4202 519 4270 ri
540 4202 637 4286 ipsius
658 4201 841 4281 Canonicae,
861 4201 979 4285 gaudet
996 4202 1092 4269 stallo
1107 4202 1140 4266 in
1155 4201 1262 4268 choro:
1286 4199 1375 4265 Eelin

132 4310 168 4373 ia
188 4326 258 4388 cop·
281 4307 457 4376 uacuae
477 4328 561 4377 uum.
583 4312 637 4375 23.
668 4308 707 4373 de
735 4306 900 4375 coerceo.
930 4306 1096 4390 Euguanus
1124 4303 1203 4387 Gop.
1232 4303 1376 4371 Dilectus

133 4412 172 4479 de
192 4409 395 4479 roauaoa
419 4411 451 4475 et
470 4409 671 4493 ceceepcrina
699 4410 870 4479 Lamnae.
895 4408 1066 4477 (iouaouic.
1089 4408 1156 4477 mn.
1182 4408 1210 4476 1.
1235 4408 1308 4492 Gap.
1331 4408 1373 4475 Il.

133 4536 164 4583 n.
200 4515 239 4581 18
274 4513 328 4581 nbi
361 4514 475 4582 tradit:
516 4515 624 4584 »abaci
662 4534 729 4583 esee
764 4516 931 4585 coooaiom
963 4517 997 4581 et
1028 4513 1115 4581 aliud
1155 4512 1372 4597 praebendum,
