3050 4859
284 165 364 229 Τῡ
944 180 1168 251 synod.
1206 182 1463 237 dioeces.
1501 180 1813 252 Neapozic.
1849 198 1904 238 a.
1942 180 2109 252 1882.
2154 231 2161 243 ,
2248 203 2253 211 -

489 357 561 421 V.
613 352 787 437 Qued
829 351 882 420 si
929 351 1189 419 cadaver
1235 371 1416 417 curru
1447 352 1689 418 funebri
1719 353 1799 419 ad
1840 352 2189 437 sepulcrum
2221 352 2562 433 deferatur,
2588 353 2773 438 juxta

284 481 513 525 ruer-eur
561 461 737 525 budie
780 456 1274 535 invalescentem,
1325 456 1534 526 nullus
1576 456 1875 525 Sacerdos
1921 458 1987 523 in
2053 457 2370 540 praedicto
2417 476 2775 531 *curruca-

280 565 465 629 dauer
525 562 810 629 eumitari
872 560 1101 627 audeat
1152 560 1285 626 sine
1343 560 1569 627 habitu
1631 561 1858 639 talari,
1889 561 1895 569 ’
1924 562 2364 645 superpelliceo
2427 561 2659 636 mundo
2702 562 2778 642 et

280 669 497 745 biretu-
541 669 838 753 pileerum
883 684 998 731 usu
1045 684 1290 749 prorsus
1334 664 1667 732 interdicto
1736 665 1902 746 (Vid.
1963 665 2417 736 Documentum
2459 667 2776 748 *im-caleo,

280 777 545 857 pesitum
609 773 798 837 Num.
861 770 1058 853 VIIl).
1123 768 1190 836 Si
1234 789 1373 836 vero
1421 770 1628 853 plures
1676 770 1803 838 sint
1848 769 2231 851 Sacerdotes,
2274 790 2441 840 unus
2477 773 2769 841 tantum-

284 881 461 945 medo
509 881 733 941 atulam
777 875 2132 941 induat..
2338 908 2344 914 -

493 981 597 1049 Ἠ
693 979 1030 1045 Persolutis
1076 977 1382 1063 exequiiS,
1428 978 1592 1062 quod
1640 977 2060 1064 antiquissimi
2106 980 2201 1043 est
2244 978 2557 1062 instituti,
2607 932 2799 1072 illud,

280 1089 585 1169 quantum
633 1085 762 1149 fieri
806 1083 1036 1167 poterit
1079 1084 1143 1147 et
1187 1082 1396 1147 sinant
1441 1082 1784 1161 Rubricae,
1850 1082 2214 1162 retineatur,
2264 1083 2335 1148 ut
2381 1083 2443 1150 in
2492 1084 2777 1154 Ecclesia

288 1193 481 1253 Mieeu
521 1190 842 1273 praesente
885 1205 1130 1269 corpore
1172 1186 1447 1251 defuncti
1490 1205 1599 1270 pro
1643 1205 1713 1251 eo
1761 1206 1901 1254 cum
1953 1188 2141 1266 cantu
2187 1186 2549 1267 celebretur,
2591 1190 2775 1257 ante·

284 1313 465 1377 quem
517 1293 867 1377 sepulturae
910 1289 1199 1359 tradatur
1245 1289 1401 1371 (Bit.
1449 1290 1625 1357 Rom.
1676 1290 1875 1375 ibid).
1924 1290 2328 1377 Meminerint
2387 1298 2613 1370 tamen.
2650 1294 2775 1360 Pa·-

284 1401 469 1477 ruebi,
517 1401 581 1465 et
625 1397 917 1463 Hectores
964 1394 1376 1462 Ecclesiarnm
1420 1394 1482 1477 in
1532 1393 1765 1471 diebuS,
1812 1414 2073 1484 quorum
2118 1385 2504 1464 ritusMissa
2527 1397 2777 1480 privata

288 1505 364 1569 tie
409 1505 645 1585 Regu-ie
693 1520 807 1567 uon
848 1499 1151 1579 admittit,
1200 1498 1644 1576 tandummodo
1694 1497 1951 1568 Missam
1984 1499 2316 1589 solemnem
2349 1500 2427 1566 de
2456 1501 2775 1585 Reliquis,

288 1609 605 1689 praeseute
653 1624 918 1688 eurpore,
953 1604 1251 1669 celebrari
1285 1622 1494 1687 posse:
1546 1605 1778 1668 ceteras
1809 1604 2020 1669 autem
2051 1604 2275 1672 Missas
2306 1624 2411 1689 pro
2441 1605 2771 1697 defuneto-v

288 1729 421 1773 rum
466 1713 760 1793 suffragio
803 1728 935 1773 esse
979 1707 1477 1785 celebrandasde
1500 1707 1660 1773 festo
1682 1726 1821 1773 cum
1856 1706 2075 1777 Officio
2100 1709 2163 1772 et
2183 1708 2381 1786 colore
2397 1709 2520 1775 diei
2551 1728 2773 1775 eccur-

284 1817 477 1877 reutie
525 1813 685 1889 [Sue.
741 1812 866 1880 Rit.
911 1811 1135 1897 Congr.
1187 1811 1282 1874 die
1327 1812 1429 1876 29.
1476 1810 1765 1876 ‚Ianuarii
1815 1812 2001 1891 1752,
2035 1811 2190 1880 Ord.
2224 1812 2437 1894 Germ.
2468 1815 2565 1882 ads
2615 1816 2788 1901 12.)-·„

493 1917 629 1985 VH.
689 1915 864 1997 Quod
909 1915 1204 1999 majorem
1249 1915 1349 1980 vel
1393 1915 1695 1982 minorem
1741 1915 2132 2000 exequiarum
2181 1916 2278 1981 vel
2323 1917 2609 1988 funerum
2653 1940 2771 2003 ap-

284 2025 573 2105 paratum
621 2041 693 2085 ae
733 2039 1014 2105 pompam
1057 2021 1337 2102 spectare
1379 2020 1597 2103 possit,
1641 2020 1707 2084 id
1751 2020 2115 2103 prudentiae
2162 2021 2610 2102 Parochorum',
2668 2026 2776 2094 vel·

288 2125 701 2189 Eueleeierum
750 2125 1084 2191 Rectorum
1130 2123 1631 2189 commendatum
1676 2124 1976 2192 volumus.
2070 2124 2248 2207 Quod
2293 2126 2456 2192 enim
2504 2128 2765 2212 Episco-

284 2231 397 2313 pie,
449 2233 557 2293 uut
601 2229 746 2293 uiris
794 2228 1245 2305 ecclesiasticiS,
1294 2230 1404 2293 aut
1448 2228 1647 2306 laicis,
1696 2228 1801 2312 qui
1846 2228 2107 2313 pietate,
2156 2230 2488 2315 religione,
2519 2234 2593 2297 ‚et
2638 2234 2766 2298 vir-

288 2333 525 2397 tutibue
573 2333 927 2398 christianis
974 2332 1438 2417 praestiterunt,
1486 2331 1875 2409 conceditur3
1923 2332 1988 2398 id
2027 2333 2281 2399 mininie
2314 2335 2587 2417 profecto
2619 2356 2769 2403 con-

284 2437 621 2501 eedeuduru
669 2439 764 2502 eet
809 2438 906 2513 iis,
953 2436 1057 2521 qui
1100 2438 1424 2520 postquam
1487 2436 1849 2501 delictorum
1920 2437 2282 2504 scandalum
2348 2440 2765 2523 praebuerint,

288 2545 380 2605 rel
429 2545 613 2625 impie
661 2542 936 2621 vixerint,
992 2541 1087 2607 vix
1132 2542 1194 2606 in
1239 2542 1359 2627 fine
1406 2540 1569 2608 vitae
1612 2541 1793 2624 signa
1834 2541 2264 2624 poenitentiae*
2297 2542 2603 2629 dederint,
2653 2549 2772 2612 aut.

284 2669 513 2713 erruree
561 2645 1051 2734 retractaverint.
1142 2646 1333 2729 Signa
1395 2648 1603 2710 autem
1631 2696 1646 2725 ,
1713 2665 1869 2730 quae
1917 2646 2189 2729 aliquam
2237 2647 2472 2713 sectam
2519 2649 2612 2717 ab.
2647 2650 2768 2715 Ec-

284 2753 469 2817 uleeia
517 2749 872 2815 damnatam
914 2749 1217 2827 innuunt,
1259 2750 1469 2827 circa,
1532 2750 1633 2815 vel
1677 2768 1867 2833 supra
1911 2750 2246 2830 tumulum,
2293 2752 2393 2818 vel
2440 2752 2762 2833 feretrum,

284 2857 397 2921 aut
437 2853 513 2921 ud
561 2857 827 2937 parietes
873 2854 1186 2920 Ecclesiae
1233 2872 1532 2939 apponere
1577 2854 1825 2919 omnino
1869 2855 2284 2939 prohibemus.

497 2961 661 3025 1ΨΠΙ.
746 2958 816 3023 In
864 2959 1181 3024 funeribus
1227 2958 1644 3041 persolvendis
1686 2958 1916 3041 pariter
1959 2959 2359 3033 interdictum
2407 2962 2503 3026 est
2547 2962 2769 3028 laudes

284 3065 557 3129 defuncti
597 3061 813 3140 dieere,
861 3063 960 3129 vel
1006 3062 1432 3146 inscriptiones
1479 3062 1836 3128 honorarius
1876 3064 2124 3129 sivead
2157 3064 2315 3130 fores
2346 3065 2583 3148 templ-i,
2634 3067 2765 3133 sive

284 3169 360 3233 ud
413 3169 754 3245 tumulum,
823 3168 951 3233 sive
1014 3167 1092 3232 ad
1161 3185 1366 3231 muros
1423 3166 1618 3249 ipsius
1664 3168 1882 3251 templi
1942 3187 2279 3251 apponere,
2350 3169 2469 3235 nisi
2514 3170 2688 3253 prius
2730 3191 2768 3238 a

288 3273 481 3337 Nubis
529 3273 621 3337 uel
669 3272 914 3337 vicario
959 3273 1165 3338 nostro
1213 3270 1501 3335 Generali
1547 3270 1799 3336 licentia,
1844 3271 2101 3337 obtenta
2130 3272 2233 3340 sit.
2281 3273 2529 3357 Ellogia
2556 3277 2767 3350 autem

288 3377 569 3441 funebria
601 3377 661 3441 iu
697 3376 988 3441 Ecclesiis
1019 3376 1281 3450 recitare
1311 3376 1484 3443 laicis
1515 3395 1756 3459 semper
1787 3376 2170 3460 prohibitum
2196 3396 2327 3464 esse
2360 3378 2763 3447 declaramus.

497 3481 605 3545 IX,
653 3481 808 3545 Cum
857 3479 1011 3545 nihil
1055 3480 1148 3547 ita
1195 3479 1486 3545 dedeceat
1528 3500 1734 3547 sacros
1779 3481 2097 3547 ministros
2143 3501 2327 3566 quam
2373 3484 2574 3567 turpis
2607 3483 2768 3550 lucri

284 3585 621 3669 eupiditue;
697 3585 974 3651 districte
1036 3587 1338 3661 vetamuS,
1412 3604 1487 3649 ne
1535 3605 1643 3670 pro
1690 3585 1974 3669 exequiis,
2029 3586 2123 3651 vel
2168 3586 2497 3658 funeribus
2530 3588 2763 3671 persol-

288 3689 497 3753 reudie
541 3689 772 3773 aliquid
819 3692 981 3755 ultra
1026 3689 1109 3768 id,
1156 3691 1318 3773 quod
1366 3690 1486 3755 loci
1535 3690 1978 3765 consuetudine
2024 3693 2340 3776 receptum
2386 3693 2502 3770 est,
2551 3692 2768 3776 quovis

288 3797 630 3877 exeugitutu
669 3796 1007 3877 praetexta,
1054 3794 1157 3860 vel
1198 3813 1404 3873 causa,
1451 3795 1758 3878 exigatur.
1804 3794 1869 3859 Si
1914 3795 2051 3879 quis
2098 3814 2240 3861 vero
2276 3795 2344 3860 in
2388 3798 2568 3863 tanta
2609 3815 2768 3882 pau-

288 3901 527 3981 pertate
573 3897 922 3977 decesserit,
966 3902 1051 3979 ut,
1104 3899 1264 3964 unde
1296 3899 1635 3976 efferretur,
1677 3918 1799 3964 non
1844 3898 2181 3983 reliquerit,
2231 3920 2341 3965 nec
2382 3899 2610 3978 adsint,
2657 3898 2767 3983 qui

287 4005 360 4069 de
401 4025 465 4069 re
513 4021 625 4065 eus.
665 4005 970 4086 impensas
1015 4004 1295 4087 supplere
1338 4003 1553 4081 velint,
1596 4003 1857 4069 Parochi
1904 4004 1981 4069 ad
2014 4004 2461 4088 praescriptum
2490 4004 2770 4071 Ritualis

288 4109 545 4173 Romani
593 4125 729 4173 euru
773 4107 973 4191 gratis
1019 4108 1264 4192 sepeliri
1311 4108 1543 4173 curent.

489 4213 565 4277 X.
661 4211 922 4279 Parochi
957 4212 1439 4278 ecclesiasticam
1486 4212 1891 4296 sepulturam,
1954 4232 2123 4297 quae
2140 4215 2241 4282 est
2283 4233 2425 4297 pars
2471 4212 2763 4282 Commu-

288 4317 481 4381 uieuie
525 4316 897 4395 Cutlrulicae,
945 4317 1228 4384 omnibus
1288 4338 1324 4383 a
1379 4317 1517 4401 jure
1579 4316 1907 4399 prohibitis
1954 4317 2278 4403 denegent.
2368 4317 2435 4384 Si
2504 4317 2765 4385 dubium

284 4421 569 4501 eupereit,
625 4425 831 4485 utrum
878 4421 1199 4503 sepultura
1243 4419 1608 4506 deneganda
1642 4421 1748 4498 sit,
1796 4440 1875 4485 an
1907 4421 2420 4502 concedendmet
2462 4423 2575 4490 sub
2622 4423 2762 4507 qui-

284 4525 401 4589 bus
449 4525 917 4603 euutlitiuuibuS,
965 4526 1270 4607 volumus,
1317 4527 1388 4591 ut
1433 4525 1496 4589 in
1542 4524 1807 4611 singulis
1852 4527 2095 4593 casibus
2140 4527 2269 4596 Nos
2314 4526 2656 4595 consulant.
